%YAML 1.1
%TAG !u! tag:unity3d.com,2011:
--- !u!1001 &100100000
Prefab:
  m_ObjectHideFlags: 1
  serializedVersion: 2
  m_Modification:
    m_TransformParent: {fileID: 0}
    m_Modifications: []
    m_RemovedComponents: []
  m_ParentPrefab: {fileID: 0}
  m_RootGameObject: {fileID: 1000010104908840}
  m_IsPrefabParent: 1
--- !u!1 &1000010104908840
GameObject:
  m_ObjectHideFlags: 0
  m_PrefabParentObject: {fileID: 0}
  m_PrefabInternal: {fileID: 100100000}
  serializedVersion: 5
  m_Component:
  - component: {fileID: 4000010984188096}
  - component: {fileID: 193000014117029006}
  - component: {fileID: 33000012631330734}
  - component: {fileID: 23000010832490384}
  m_Layer: 0
  m_Name: Tree 3
  m_TagString: Untagged
  m_Icon: {fileID: 0}
  m_NavMeshLayer: 0
  m_StaticEditorFlags: 0
  m_IsActive: 1
--- !u!4 &4000010984188096
Transform:
  m_ObjectHideFlags: 1
  m_PrefabParentObject: {fileID: 0}
  m_PrefabInternal: {fileID: 100100000}
  m_GameObject: {fileID: 1000010104908840}
  m_LocalRotation: {x: 0, y: 0, z: 0, w: 1}
  m_LocalPosition: {x: 0, y: 0, z: 0}
  m_LocalScale: {x: 1, y: 1, z: 1}
  m_Children: []
  m_Father: {fileID: 0}
  m_RootOrder: 0
  m_LocalEulerAnglesHint: {x: 0, y: 0, z: 0}
--- !u!21 &21000011571349158
Material:
  serializedVersion: 6
  m_ObjectHideFlags: 10
  m_PrefabParentObject: {fileID: 0}
  m_PrefabInternal: {fileID: 0}
  m_Name: Optimized Bark Material
  m_Shader: {fileID: 10604, guid: 0000000000000000f000000000000000, type: 0}
  m_ShaderKeywords: 
  m_LightmapFlags: 5
  m_EnableInstancingVariants: 0
  m_CustomRenderQueue: -1
  stringTagMap: {}
  disabledShaderPasses: []
  m_SavedProperties:
    serializedVersion: 3
    m_TexEnvs:
    - _BumpSpecMap:
        m_Texture: {fileID: 2800000, guid: a5929d8fb6f1a0541aeff68b16d29e16, type: 3}
        m_Scale: {x: 1, y: 1}
        m_Offset: {x: 0, y: 0}
    - _MainTex:
        m_Texture: {fileID: 2800000, guid: 9fdc81cd562f8474db5e4e80bd286d6b, type: 3}
        m_Scale: {x: 1, y: 1}
        m_Offset: {x: 0, y: 0}
    - _TranslucencyMap:
        m_Texture: {fileID: 2800000, guid: 0c5c64b9cd495e0489408fca5db87498, type: 3}
        m_Scale: {x: 1, y: 1}
        m_Offset: {x: 0, y: 0}
    m_Floats:
    - _SquashAmount: 1
    m_Colors:
    - _Color: {r: 1, g: 1, b: 1, a: 1}
    - _SpecColor: {r: 0.5, g: 0.5, b: 0.5, a: 1}
    - _TreeInstanceColor: {r: 1, g: 1, b: 1, a: 1}
    - _TreeInstanceScale: {r: 1, g: 1, b: 1, a: 1}
--- !u!21 &21000012668110996
Material:
  serializedVersion: 6
  m_ObjectHideFlags: 10
  m_PrefabParentObject: {fileID: 0}
  m_PrefabInternal: {fileID: 0}
  m_Name: Optimized Leaf Material
  m_Shader: {fileID: 10607, guid: 0000000000000000f000000000000000, type: 0}
  m_ShaderKeywords: 
  m_LightmapFlags: 5
  m_EnableInstancingVariants: 0
  m_CustomRenderQueue: -1
  stringTagMap: {}
  disabledShaderPasses: []
  m_SavedProperties:
    serializedVersion: 3
    m_TexEnvs:
    - _BumpSpecMap:
        m_Texture: {fileID: 2800000, guid: a5929d8fb6f1a0541aeff68b16d29e16, type: 3}
        m_Scale: {x: 1, y: 1}
        m_Offset: {x: 0, y: 0}
    - _MainTex:
        m_Texture: {fileID: 2800000, guid: 9fdc81cd562f8474db5e4e80bd286d6b, type: 3}
        m_Scale: {x: 1, y: 1}
        m_Offset: {x: 0, y: 0}
    - _ShadowTex:
        m_Texture: {fileID: 2800000, guid: 70f6c3302b584ec4cb8c74b5a096ba95, type: 3}
        m_Scale: {x: 1, y: 1}
        m_Offset: {x: 0, y: 0}
    - _TranslucencyMap:
        m_Texture: {fileID: 2800000, guid: 0c5c64b9cd495e0489408fca5db87498, type: 3}
        m_Scale: {x: 1, y: 1}
        m_Offset: {x: 0, y: 0}
    m_Floats:
    - _Cutoff: 0.3
    - _ShadowOffsetScale: 1
    - _ShadowStrength: 0.243
    - _SquashAmount: 1
    - _TranslucencyViewDependency: 0.7
    m_Colors:
    - _Color: {r: 1, g: 1, b: 1, a: 1}
    - _TranslucencyColor: {r: 0.73, g: 0.85, b: 0.41, a: 1}
    - _TreeInstanceColor: {r: 1, g: 1, b: 1, a: 1}
    - _TreeInstanceScale: {r: 1, g: 1, b: 1, a: 1}
--- !u!23 &23000010832490384
MeshRenderer:
  m_ObjectHideFlags: 1
  m_PrefabParentObject: {fileID: 0}
  m_PrefabInternal: {fileID: 100100000}
  m_GameObject: {fileID: 1000010104908840}
  m_Enabled: 1
  m_CastShadows: 1
  m_ReceiveShadows: 1
  m_MotionVectors: 1
  m_LightProbeUsage: 1
  m_ReflectionProbeUsage: 1
  m_Materials:
  - {fileID: 21000011571349158}
  - {fileID: 21000012668110996}
  m_StaticBatchInfo:
    firstSubMesh: 0
    subMeshCount: 0
  m_StaticBatchRoot: {fileID: 0}
  m_ProbeAnchor: {fileID: 0}
  m_LightProbeVolumeOverride: {fileID: 0}
  m_ScaleInLightmap: 1
  m_PreserveUVs: 0
  m_IgnoreNormalsForChartDetection: 0
  m_ImportantGI: 0
  m_SelectedEditorRenderState: 3
  m_MinimumChartSize: 4
  m_AutoUVMaxDistance: 0.5
  m_AutoUVMaxAngle: 89
  m_LightmapParameters: {fileID: 0}
  m_SortingLayerID: 0
  m_SortingLayer: 0
  m_SortingOrder: 0
--- !u!33 &33000012631330734
MeshFilter:
  m_ObjectHideFlags: 1
  m_PrefabParentObject: {fileID: 0}
  m_PrefabInternal: {fileID: 100100000}
  m_GameObject: {fileID: 1000010104908840}
  m_Mesh: {fileID: 43000014064688778}
--- !u!43 &43000014064688778
Mesh:
  m_ObjectHideFlags: 0
  m_PrefabParentObject: {fileID: 0}
  m_PrefabInternal: {fileID: 0}
  m_Name: Mesh
  serializedVersion: 8
  m_SubMeshes:
  - serializedVersion: 2
    firstByte: 0
    indexCount: 0
    topology: 0
    firstVertex: 0
    vertexCount: 0
    localAABB:
      m_Center: {x: 0, y: 0, z: 0}
      m_Extent: {x: 0, y: 0, z: 0}
  m_Shapes:
    vertices: []
    shapes: []
    channels: []
    fullWeights: []
  m_BindPose: []
  m_BoneNameHashes: 
  m_RootBoneNameHash: 0
  m_MeshCompression: 0
  m_IsReadable: 1
  m_KeepVertices: 1
  m_KeepIndices: 1
  m_IndexBuffer: 
  m_Skin: []
  m_VertexData:
    m_CurrentChannels: 159
    m_VertexCount: 0
    m_Channels:
    - stream: 0
      offset: 0
      format: 0
      dimension: 3
    - stream: 0
      offset: 12
      format: 0
      dimension: 3
    - stream: 0
      offset: 24
      format: 0
      dimension: 4
    - stream: 0
      offset: 40
      format: 0
      dimension: 2
    - stream: 0
      offset: 48
      format: 0
      dimension: 2
    - stream: 0
      offset: 0
      format: 0
      dimension: 0
    - stream: 0
      offset: 0
      format: 0
      dimension: 0
    - stream: 0
      offset: 56
      format: 0
      dimension: 4
    m_DataSize: 0
    _typelessdata: 
  m_CompressedMesh:
    m_Vertices:
      m_NumItems: 0
      m_Range: 0
      m_Start: 0
      m_Data: 
      m_BitSize: 0
    m_UV:
      m_NumItems: 0
      m_Range: 0
      m_Start: 0
      m_Data: 
      m_BitSize: 0
    m_Normals:
      m_NumItems: 0
      m_Range: 0
      m_Start: 0
      m_Data: 
      m_BitSize: 0
    m_Tangents:
      m_NumItems: 0
      m_Range: 0
      m_Start: 0
      m_Data: 
      m_BitSize: 0
    m_Weights:
      m_NumItems: 0
      m_Data: 
      m_BitSize: 0
    m_NormalSigns:
      m_NumItems: 0
      m_Data: 
      m_BitSize: 0
    m_TangentSigns:
      m_NumItems: 0
      m_Data: 
      m_BitSize: 0
    m_FloatColors:
      m_NumItems: 0
      m_Range: 0
      m_Start: 0
      m_Data: 
      m_BitSize: 0
    m_BoneIndices:
      m_NumItems: 0
      m_Data: 
      m_BitSize: 0
    m_Triangles:
      m_NumItems: 0
      m_Data: 
      m_BitSize: 0
    m_UVInfo: 0
  m_LocalAABB:
    m_Center: {x: 1.8923488, y: 7.749403, z: -1.1545539}
    m_Extent: {x: 8.429562, y: 9.097544, z: 10.898912}
  m_MeshUsageFlags: 0
  m_BakedConvexCollisionMesh: 
  m_BakedTriangleCollisionMesh: 
  m_MeshOptimized: 0
--- !u!114 &114000014238185298
MonoBehaviour:
  m_ObjectHideFlags: 0
  m_PrefabParentObject: {fileID: 0}
  m_PrefabInternal: {fileID: 0}
  m_GameObject: {fileID: 0}
  m_Enabled: 1
  m_EditorHideFlags: 0
  m_Script: {fileID: 12106, guid: 0000000000000000e000000000000000, type: 0}
  m_Name: Tree Data
  m_EditorClassIdentifier: 
  _uniqueID: 134
  materialHash: bbe9fe7887bf36a41c2487be895d3cd8-672514048
  root:
    _uniqueID: 1
    seed: 1234
    _internalSeed: 2727
    m_Hash: 
    distributionFrequency: 1
    distributionMode: 0
    distributionCurve:
      serializedVersion: 2
      m_Curve:
      - serializedVersion: 2
        time: 0
        value: 1
        inSlope: 0
        outSlope: 0
        tangentMode: 0
      - serializedVersion: 2
        time: 1
        value: 1
        inSlope: 0
        outSlope: 0
        tangentMode: 0
      m_PreInfinity: 2
      m_PostInfinity: 2
      m_RotationOrder: 4
    distributionNodes: 5
    distributionTwirl: 0
    distributionPitch: 0
    distributionPitchCurve:
      serializedVersion: 2
      m_Curve:
      - serializedVersion: 2
        time: 0
        value: 1
        inSlope: 0
        outSlope: 0
        tangentMode: 0
      - serializedVersion: 2
        time: 1
        value: 1
        inSlope: 0
        outSlope: 0
        tangentMode: 0
      m_PreInfinity: 2
      m_PostInfinity: 2
      m_RotationOrder: 4
    distributionScale: 1
    distributionScaleCurve:
      serializedVersion: 2
      m_Curve:
      - serializedVersion: 2
        time: 0
        value: 1
        inSlope: 0
        outSlope: 0
        tangentMode: 0
      - serializedVersion: 2
        time: 1
        value: 0.3
        inSlope: 0
        outSlope: 0
        tangentMode: 0
      m_PreInfinity: 2
      m_PostInfinity: 2
      m_RotationOrder: 4
    showAnimationProps: 1
    animationPrimary: 0.5
    animationSecondary: 0.5
    animationEdge: 1
    visible: 1
    lockFlags: 0
    nodeIDs: 02000000
    parentGroupID: -1
    childGroupIDs: 
    adaptiveLODQuality: 0
    shadowTextureQuality: 3
    enableWelding: 1
    enableAmbientOcclusion: 1
    enableMaterialOptimize: 1
    aoDensity: 1
    rootSpread: 5
    groundOffset: 0
    rootMatrix:
      e00: 0.31812876
      e01: -0.016853336
      e02: -0.94789773
      e03: 0
      e10: 0.05290227
      e11: 0.99859977
      e12: -0.0000000018626456
      e13: 0
      e20: 0.9465704
      e21: -0.050145943
      e22: 0.31857488
      e23: 0
      e30: 0
      e31: 0
      e32: 0
      e33: 1
  branchGroups:
  - _uniqueID: 5
    seed: 1234
    _internalSeed: 2727
    m_Hash: 
    distributionFrequency: 1
    distributionMode: 0
    distributionCurve:
      serializedVersion: 2
      m_Curve:
      - serializedVersion: 2
        time: 0
        value: 1
        inSlope: 0
        outSlope: 0
        tangentMode: 0
      - serializedVersion: 2
        time: 1
        value: 1
        inSlope: 0
        outSlope: 0
        tangentMode: 0
      m_PreInfinity: 2
      m_PostInfinity: 2
      m_RotationOrder: 4
    distributionNodes: 5
    distributionTwirl: 0
    distributionPitch: 0
    distributionPitchCurve:
      serializedVersion: 2
      m_Curve:
      - serializedVersion: 2
        time: 0
        value: 1
        inSlope: 0
        outSlope: 0
        tangentMode: 0
      - serializedVersion: 2
        time: 1
        value: 1
        inSlope: 0
        outSlope: 0
        tangentMode: 0
      m_PreInfinity: 2
      m_PostInfinity: 2
      m_RotationOrder: 4
    distributionScale: 1
    distributionScaleCurve:
      serializedVersion: 2
      m_Curve:
      - serializedVersion: 2
        time: 0
        value: 1
        inSlope: 0
        outSlope: 0
        tangentMode: 0
      - serializedVersion: 2
        time: 1
        value: 0.3
        inSlope: 0
        outSlope: 0
        tangentMode: 0
      m_PreInfinity: 2
      m_PostInfinity: 2
      m_RotationOrder: 4
    showAnimationProps: 1
    animationPrimary: 0.5
    animationSecondary: 0.5
    animationEdge: 1
    visible: 1
    lockFlags: 7
    nodeIDs: 06000000
    parentGroupID: 3
    childGroupIDs: 07000000
    lodQualityMultiplier: 1
    geometryMode: 0
    materialBranch: {fileID: 2100000, guid: 0405d2626a9c37f4ab35d4c8f2da441f, type: 2}
    materialBreak: {fileID: 0}
    materialFrond: {fileID: 0}
    height: {x: 10, y: 15}
    radius: 5
    radiusCurve:
      serializedVersion: 2
      m_Curve:
      - serializedVersion: 2
        time: 0
        value: 1
        inSlope: -1
        outSlope: -1
        tangentMode: 0
      - serializedVersion: 2
        time: 1
        value: 0
        inSlope: -1
        outSlope: -1
        tangentMode: 0
      m_PreInfinity: 2
      m_PostInfinity: 2
      m_RotationOrder: 4
    radiusMode: 1
    capSmoothing: 1
    crinklyness: 0.1
    crinkCurve:
      serializedVersion: 2
      m_Curve:
      - serializedVersion: 2
        time: 0
        value: 1
        inSlope: 0
        outSlope: 0
        tangentMode: 0
      - serializedVersion: 2
        time: 1
        value: 1
        inSlope: 0
        outSlope: 0
        tangentMode: 0
      m_PreInfinity: 2
      m_PostInfinity: 2
      m_RotationOrder: 4
    seekBlend: 0
    seekCurve:
      serializedVersion: 2
      m_Curve:
      - serializedVersion: 2
        time: 0
        value: 1
        inSlope: 0
        outSlope: 0
        tangentMode: 0
      - serializedVersion: 2
        time: 1
        value: 1
        inSlope: 0
        outSlope: 0
        tangentMode: 0
      m_PreInfinity: 2
      m_PostInfinity: 2
      m_RotationOrder: 4
    noise: 1
    noiseCurve:
      serializedVersion: 2
      m_Curve:
      - serializedVersion: 2
        time: 0
        value: 1
        inSlope: 0
        outSlope: 0
        tangentMode: 0
      - serializedVersion: 2
        time: 1
        value: 1
        inSlope: 0
        outSlope: 0
        tangentMode: 0
      m_PreInfinity: 2
      m_PostInfinity: 2
      m_RotationOrder: 4
    noiseScaleU: 0.99
    noiseScaleV: 0.943
    flareSize: 0
    flareHeight: 0.1
    flareNoise: 0.3
    weldHeight: 0.042
    weldSpreadTop: 0
    weldSpreadBottom: 0
    breakingChance: 0
    breakingSpot: {x: 0.4, y: 0.6}
    frondCount: 1
    frondWidth: 1
    frondCurve:
      serializedVersion: 2
      m_Curve:
      - serializedVersion: 2
        time: 0
        value: 1
        inSlope: 0
        outSlope: 0
        tangentMode: 0
      - serializedVersion: 2
        time: 1
        value: 1
        inSlope: 0
        outSlope: 0
        tangentMode: 0
      m_PreInfinity: 2
      m_PostInfinity: 2
      m_RotationOrder: 4
    frondRange: {x: 0.1, y: 1}
    frondRotation: 0
    frondCrease: 0
  - _uniqueID: 7
    seed: 1234
    _internalSeed: 2727
    m_Hash: 
    distributionFrequency: 1
    distributionMode: 0
    distributionCurve:
      serializedVersion: 2
      m_Curve:
      - serializedVersion: 2
        time: 0
        value: 1
        inSlope: 0
        outSlope: 0
        tangentMode: 0
      - serializedVersion: 2
        time: 1
        value: 1
        inSlope: 0
        outSlope: 0
        tangentMode: 0
      m_PreInfinity: 2
      m_PostInfinity: 2
      m_RotationOrder: 4
    distributionNodes: 5
    distributionTwirl: 0
    distributionPitch: 0
    distributionPitchCurve:
      serializedVersion: 2
      m_Curve:
      - serializedVersion: 2
        time: 0
        value: 1
        inSlope: 0
        outSlope: 0
        tangentMode: 0
      - serializedVersion: 2
        time: 1
        value: 1
        inSlope: 0
        outSlope: 0
        tangentMode: 0
      m_PreInfinity: 2
      m_PostInfinity: 2
      m_RotationOrder: 4
    distributionScale: 1
    distributionScaleCurve:
      serializedVersion: 2
      m_Curve:
      - serializedVersion: 2
        time: 0
        value: 1
        inSlope: 0
        outSlope: 0
        tangentMode: 0
      - serializedVersion: 2
        time: 1
        value: 0.3
        inSlope: 0
        outSlope: 0
        tangentMode: 0
      m_PreInfinity: 2
      m_PostInfinity: 2
      m_RotationOrder: 4
    showAnimationProps: 1
    animationPrimary: 0.5
    animationSecondary: 0.5
    animationEdge: 1
    visible: 1
    lockFlags: 7
    nodeIDs: 08000000090000000a0000000b0000000c0000000d0000000e000000
    parentGroupID: 5
    childGroupIDs: 7a000000
    lodQualityMultiplier: 1
    geometryMode: 0
    materialBranch: {fileID: 2100000, guid: 0405d2626a9c37f4ab35d4c8f2da441f, type: 2}
    materialBreak: {fileID: 0}
    materialFrond: {fileID: 0}
    height: {x: 10, y: 15}
    radius: 0.5
    radiusCurve:
      serializedVersion: 2
      m_Curve:
      - serializedVersion: 2
        time: 0
        value: 1
        inSlope: -1
        outSlope: -1
        tangentMode: 0
      - serializedVersion: 2
        time: 1
        value: 0
        inSlope: -1
        outSlope: -1
        tangentMode: 0
      m_PreInfinity: 2
      m_PostInfinity: 2
      m_RotationOrder: 4
    radiusMode: 1
    capSmoothing: 0
    crinklyness: 0.1
    crinkCurve:
      serializedVersion: 2
      m_Curve:
      - serializedVersion: 2
        time: 0
        value: 1
        inSlope: 0
        outSlope: 0
        tangentMode: 0
      - serializedVersion: 2
        time: 1
        value: 1
        inSlope: 0
        outSlope: 0
        tangentMode: 0
      m_PreInfinity: 2
      m_PostInfinity: 2
      m_RotationOrder: 4
    seekBlend: 0
    seekCurve:
      serializedVersion: 2
      m_Curve:
      - serializedVersion: 2
        time: 0
        value: 1
        inSlope: 0
        outSlope: 0
        tangentMode: 0
      - serializedVersion: 2
        time: 1
        value: 1
        inSlope: 0
        outSlope: 0
        tangentMode: 0
      m_PreInfinity: 2
      m_PostInfinity: 2
      m_RotationOrder: 4
    noise: 0.1
    noiseCurve:
      serializedVersion: 2
      m_Curve:
      - serializedVersion: 2
        time: 0
        value: 1
        inSlope: 0
        outSlope: 0
        tangentMode: 0
      - serializedVersion: 2
        time: 1
        value: 1
        inSlope: 0
        outSlope: 0
        tangentMode: 0
      m_PreInfinity: 2
      m_PostInfinity: 2
      m_RotationOrder: 4
    noiseScaleU: 0.2
    noiseScaleV: 0.1
    flareSize: 0
    flareHeight: 0.1
    flareNoise: 0.3
    weldHeight: 0.1
    weldSpreadTop: 0
    weldSpreadBottom: 0
    breakingChance: 0
    breakingSpot: {x: 0.4, y: 0.6}
    frondCount: 1
    frondWidth: 1
    frondCurve:
      serializedVersion: 2
      m_Curve:
      - serializedVersion: 2
        time: 0
        value: 1
        inSlope: 0
        outSlope: 0
        tangentMode: 0
      - serializedVersion: 2
        time: 1
        value: 1
        inSlope: 0
        outSlope: 0
        tangentMode: 0
      m_PreInfinity: 2
      m_PostInfinity: 2
      m_RotationOrder: 4
    frondRange: {x: 0.1, y: 1}
    frondRotation: 0
    frondCrease: 0
  - _uniqueID: 15
    seed: 1234
    _internalSeed: 2727
    m_Hash: 
    distributionFrequency: 1
    distributionMode: 0
    distributionCurve:
      serializedVersion: 2
      m_Curve:
      - serializedVersion: 2
        time: 0
        value: 1
        inSlope: 0
        outSlope: 0
        tangentMode: 0
      - serializedVersion: 2
        time: 1
        value: 1
        inSlope: 0
        outSlope: 0
        tangentMode: 0
      m_PreInfinity: 2
      m_PostInfinity: 2
      m_RotationOrder: 4
    distributionNodes: 5
    distributionTwirl: 0
    distributionPitch: 0
    distributionPitchCurve:
      serializedVersion: 2
      m_Curve:
      - serializedVersion: 2
        time: 0
        value: 1
        inSlope: 0
        outSlope: 0
        tangentMode: 0
      - serializedVersion: 2
        time: 1
        value: 1
        inSlope: 0
        outSlope: 0
        tangentMode: 0
      m_PreInfinity: 2
      m_PostInfinity: 2
      m_RotationOrder: 4
    distributionScale: 1
    distributionScaleCurve:
      serializedVersion: 2
      m_Curve:
      - serializedVersion: 2
        time: 0
        value: 1
        inSlope: 0
        outSlope: 0
        tangentMode: 0
      - serializedVersion: 2
        time: 1
        value: 0.3
        inSlope: 0
        outSlope: 0
        tangentMode: 0
      m_PreInfinity: 2
      m_PostInfinity: 2
      m_RotationOrder: 4
    showAnimationProps: 1
    animationPrimary: 0.5
    animationSecondary: 0.5
    animationEdge: 1
    visible: 1
    lockFlags: 7
    nodeIDs: 10000000
    parentGroupID: 3
    childGroupIDs: 11000000
    lodQualityMultiplier: 1
    geometryMode: 0
    materialBranch: {fileID: 2100000, guid: dc2cedeb1d46c4f44b79d6dee993d0a9, type: 2}
    materialBreak: {fileID: 0}
    materialFrond: {fileID: 0}
    height: {x: 10, y: 15}
    radius: 3.27
    radiusCurve:
      serializedVersion: 2
      m_Curve:
      - serializedVersion: 2
        time: 0
        value: 1
        inSlope: -1
        outSlope: -1
        tangentMode: 0
      - serializedVersion: 2
        time: 1
        value: 0
        inSlope: -1
        outSlope: -1
        tangentMode: 0
      m_PreInfinity: 2
      m_PostInfinity: 2
      m_RotationOrder: 4
    radiusMode: 1
    capSmoothing: 0
    crinklyness: 0.1
    crinkCurve:
      serializedVersion: 2
      m_Curve:
      - serializedVersion: 2
        time: 0
        value: 1
        inSlope: 0
        outSlope: 0
        tangentMode: 0
      - serializedVersion: 2
        time: 1
        value: 1
        inSlope: 0
        outSlope: 0
        tangentMode: 0
      m_PreInfinity: 2
      m_PostInfinity: 2
      m_RotationOrder: 4
    seekBlend: 0
    seekCurve:
      serializedVersion: 2
      m_Curve:
      - serializedVersion: 2
        time: 0
        value: 1
        inSlope: 0
        outSlope: 0
        tangentMode: 0
      - serializedVersion: 2
        time: 1
        value: 1
        inSlope: 0
        outSlope: 0
        tangentMode: 0
      m_PreInfinity: 2
      m_PostInfinity: 2
      m_RotationOrder: 4
    noise: 0.11
    noiseCurve:
      serializedVersion: 2
      m_Curve:
      - serializedVersion: 2
        time: 0
        value: 1
        inSlope: 0
        outSlope: 0
        tangentMode: 0
      - serializedVersion: 2
        time: 1
        value: 1
        inSlope: 0
        outSlope: 0
        tangentMode: 0
      m_PreInfinity: 2
      m_PostInfinity: 2
      m_RotationOrder: 4
    noiseScaleU: 0.328
    noiseScaleV: 0.335
    flareSize: 0
    flareHeight: 0.1
    flareNoise: 0.3
    weldHeight: 0.638
    weldSpreadTop: 0
    weldSpreadBottom: 0
    breakingChance: 0
    breakingSpot: {x: 0.4, y: 0.6}
    frondCount: 1
    frondWidth: 1
    frondCurve:
      serializedVersion: 2
      m_Curve:
      - serializedVersion: 2
        time: 0
        value: 1
        inSlope: 0
        outSlope: 0
        tangentMode: 0
      - serializedVersion: 2
        time: 1
        value: 1
        inSlope: 0
        outSlope: 0
        tangentMode: 0
      m_PreInfinity: 2
      m_PostInfinity: 2
      m_RotationOrder: 4
    frondRange: {x: 0.1, y: 1}
    frondRotation: 0
    frondCrease: 0
  - _uniqueID: 17
    seed: 1234
    _internalSeed: 2727
    m_Hash: 
    distributionFrequency: 1
    distributionMode: 0
    distributionCurve:
      serializedVersion: 2
      m_Curve:
      - serializedVersion: 2
        time: 0
        value: 1
        inSlope: 0
        outSlope: 0
        tangentMode: 0
      - serializedVersion: 2
        time: 1
        value: 1
        inSlope: 0
        outSlope: 0
        tangentMode: 0
      m_PreInfinity: 2
      m_PostInfinity: 2
      m_RotationOrder: 4
    distributionNodes: 5
    distributionTwirl: 0
    distributionPitch: 0
    distributionPitchCurve:
      serializedVersion: 2
      m_Curve:
      - serializedVersion: 2
        time: 0
        value: 1
        inSlope: 0
        outSlope: 0
        tangentMode: 0
      - serializedVersion: 2
        time: 1
        value: 1
        inSlope: 0
        outSlope: 0
        tangentMode: 0
      m_PreInfinity: 2
      m_PostInfinity: 2
      m_RotationOrder: 4
    distributionScale: 1
    distributionScaleCurve:
      serializedVersion: 2
      m_Curve:
      - serializedVersion: 2
        time: 0
        value: 1
        inSlope: 0
        outSlope: 0
        tangentMode: 0
      - serializedVersion: 2
        time: 1
        value: 0.3
        inSlope: 0
        outSlope: 0
        tangentMode: 0
      m_PreInfinity: 2
      m_PostInfinity: 2
      m_RotationOrder: 4
    showAnimationProps: 1
    animationPrimary: 0.5
    animationSecondary: 0.5
    animationEdge: 1
    visible: 1
    lockFlags: 7
    nodeIDs: 12000000
    parentGroupID: 15
    childGroupIDs: 13000000
    lodQualityMultiplier: 1
    geometryMode: 0
    materialBranch: {fileID: 2100000, guid: dc2cedeb1d46c4f44b79d6dee993d0a9, type: 2}
    materialBreak: {fileID: 0}
    materialFrond: {fileID: 0}
    height: {x: 10, y: 15}
    radius: 0.5
    radiusCurve:
      serializedVersion: 2
      m_Curve:
      - serializedVersion: 2
        time: 0
        value: 1
        inSlope: -1
        outSlope: -1
        tangentMode: 0
      - serializedVersion: 2
        time: 1
        value: 0
        inSlope: -1
        outSlope: -1
        tangentMode: 0
      m_PreInfinity: 2
      m_PostInfinity: 2
      m_RotationOrder: 4
    radiusMode: 1
    capSmoothing: 0
    crinklyness: 0.1
    crinkCurve:
      serializedVersion: 2
      m_Curve:
      - serializedVersion: 2
        time: 0
        value: 1
        inSlope: 0
        outSlope: 0
        tangentMode: 0
      - serializedVersion: 2
        time: 1
        value: 1
        inSlope: 0
        outSlope: 0
        tangentMode: 0
      m_PreInfinity: 2
      m_PostInfinity: 2
      m_RotationOrder: 4
    seekBlend: 0
    seekCurve:
      serializedVersion: 2
      m_Curve:
      - serializedVersion: 2
        time: 0
        value: 1
        inSlope: 0
        outSlope: 0
        tangentMode: 0
      - serializedVersion: 2
        time: 1
        value: 1
        inSlope: 0
        outSlope: 0
        tangentMode: 0
      m_PreInfinity: 2
      m_PostInfinity: 2
      m_RotationOrder: 4
    noise: 0.1
    noiseCurve:
      serializedVersion: 2
      m_Curve:
      - serializedVersion: 2
        time: 0
        value: 1
        inSlope: 0
        outSlope: 0
        tangentMode: 0
      - serializedVersion: 2
        time: 1
        value: 1
        inSlope: 0
        outSlope: 0
        tangentMode: 0
      m_PreInfinity: 2
      m_PostInfinity: 2
      m_RotationOrder: 4
    noiseScaleU: 0.2
    noiseScaleV: 0.1
    flareSize: 0
    flareHeight: 0.1
    flareNoise: 0.3
    weldHeight: 0.1
    weldSpreadTop: 0
    weldSpreadBottom: 0
    breakingChance: 0
    breakingSpot: {x: 0.4, y: 0.6}
    frondCount: 1
    frondWidth: 1
    frondCurve:
      serializedVersion: 2
      m_Curve:
      - serializedVersion: 2
        time: 0
        value: 1
        inSlope: 0
        outSlope: 0
        tangentMode: 0
      - serializedVersion: 2
        time: 1
        value: 1
        inSlope: 0
        outSlope: 0
        tangentMode: 0
      m_PreInfinity: 2
      m_PostInfinity: 2
      m_RotationOrder: 4
    frondRange: {x: 0.1, y: 1}
    frondRotation: 0
    frondCrease: 0
  - _uniqueID: 19
    seed: 1234
    _internalSeed: 2727
    m_Hash: 
    distributionFrequency: 1
    distributionMode: 0
    distributionCurve:
      serializedVersion: 2
      m_Curve:
      - serializedVersion: 2
        time: 0
        value: 1
        inSlope: 0
        outSlope: 0
        tangentMode: 0
      - serializedVersion: 2
        time: 1
        value: 1
        inSlope: 0
        outSlope: 0
        tangentMode: 0
      m_PreInfinity: 2
      m_PostInfinity: 2
      m_RotationOrder: 4
    distributionNodes: 5
    distributionTwirl: 0
    distributionPitch: 0
    distributionPitchCurve:
      serializedVersion: 2
      m_Curve:
      - serializedVersion: 2
        time: 0
        value: 1
        inSlope: 0
        outSlope: 0
        tangentMode: 0
      - serializedVersion: 2
        time: 1
        value: 1
        inSlope: 0
        outSlope: 0
        tangentMode: 0
      m_PreInfinity: 2
      m_PostInfinity: 2
      m_RotationOrder: 4
    distributionScale: 1
    distributionScaleCurve:
      serializedVersion: 2
      m_Curve:
      - serializedVersion: 2
        time: 0
        value: 1
        inSlope: 0
        outSlope: 0
        tangentMode: 0
      - serializedVersion: 2
        time: 1
        value: 0.3
        inSlope: 0
        outSlope: 0
        tangentMode: 0
      m_PreInfinity: 2
      m_PostInfinity: 2
      m_RotationOrder: 4
    showAnimationProps: 1
    animationPrimary: 0.5
    animationSecondary: 0.5
    animationEdge: 1
    visible: 1
    lockFlags: 7
    nodeIDs: 14000000
    parentGroupID: 17
    childGroupIDs: 15000000
    lodQualityMultiplier: 1
    geometryMode: 0
    materialBranch: {fileID: 2100000, guid: dc2cedeb1d46c4f44b79d6dee993d0a9, type: 2}
    materialBreak: {fileID: 0}
    materialFrond: {fileID: 0}
    height: {x: 10, y: 15}
    radius: 0.5
    radiusCurve:
      serializedVersion: 2
      m_Curve:
      - serializedVersion: 2
        time: 0
        value: 1
        inSlope: -1
        outSlope: -1
        tangentMode: 0
      - serializedVersion: 2
        time: 1
        value: 0
        inSlope: -1
        outSlope: -1
        tangentMode: 0
      m_PreInfinity: 2
      m_PostInfinity: 2
      m_RotationOrder: 4
    radiusMode: 1
    capSmoothing: 0
    crinklyness: 0.1
    crinkCurve:
      serializedVersion: 2
      m_Curve:
      - serializedVersion: 2
        time: 0
        value: 1
        inSlope: 0
        outSlope: 0
        tangentMode: 0
      - serializedVersion: 2
        time: 1
        value: 1
        inSlope: 0
        outSlope: 0
        tangentMode: 0
      m_PreInfinity: 2
      m_PostInfinity: 2
      m_RotationOrder: 4
    seekBlend: 0
    seekCurve:
      serializedVersion: 2
      m_Curve:
      - serializedVersion: 2
        time: 0
        value: 1
        inSlope: 0
        outSlope: 0
        tangentMode: 0
      - serializedVersion: 2
        time: 1
        value: 1
        inSlope: 0
        outSlope: 0
        tangentMode: 0
      m_PreInfinity: 2
      m_PostInfinity: 2
      m_RotationOrder: 4
    noise: 0.1
    noiseCurve:
      serializedVersion: 2
      m_Curve:
      - serializedVersion: 2
        time: 0
        value: 1
        inSlope: 0
        outSlope: 0
        tangentMode: 0
      - serializedVersion: 2
        time: 1
        value: 1
        inSlope: 0
        outSlope: 0
        tangentMode: 0
      m_PreInfinity: 2
      m_PostInfinity: 2
      m_RotationOrder: 4
    noiseScaleU: 0.2
    noiseScaleV: 0.1
    flareSize: 0
    flareHeight: 0.1
    flareNoise: 0.3
    weldHeight: 0.1
    weldSpreadTop: 0
    weldSpreadBottom: 0
    breakingChance: 0
    breakingSpot: {x: 0.4, y: 0.6}
    frondCount: 1
    frondWidth: 1
    frondCurve:
      serializedVersion: 2
      m_Curve:
      - serializedVersion: 2
        time: 0
        value: 1
        inSlope: 0
        outSlope: 0
        tangentMode: 0
      - serializedVersion: 2
        time: 1
        value: 1
        inSlope: 0
        outSlope: 0
        tangentMode: 0
      m_PreInfinity: 2
      m_PostInfinity: 2
      m_RotationOrder: 4
    frondRange: {x: 0.1, y: 1}
    frondRotation: 0
    frondCrease: 0
  - _uniqueID: 21
    seed: 1234
    _internalSeed: 2727
    m_Hash: 
    distributionFrequency: 1
    distributionMode: 0
    distributionCurve:
      serializedVersion: 2
      m_Curve:
      - serializedVersion: 2
        time: 0
        value: 1
        inSlope: 0
        outSlope: 0
        tangentMode: 0
      - serializedVersion: 2
        time: 1
        value: 1
        inSlope: 0
        outSlope: 0
        tangentMode: 0
      m_PreInfinity: 2
      m_PostInfinity: 2
      m_RotationOrder: 4
    distributionNodes: 5
    distributionTwirl: 0
    distributionPitch: 0
    distributionPitchCurve:
      serializedVersion: 2
      m_Curve:
      - serializedVersion: 2
        time: 0
        value: 1
        inSlope: 0
        outSlope: 0
        tangentMode: 0
      - serializedVersion: 2
        time: 1
        value: 1
        inSlope: 0
        outSlope: 0
        tangentMode: 0
      m_PreInfinity: 2
      m_PostInfinity: 2
      m_RotationOrder: 4
    distributionScale: 1
    distributionScaleCurve:
      serializedVersion: 2
      m_Curve:
      - serializedVersion: 2
        time: 0
        value: 1
        inSlope: 0
        outSlope: 0
        tangentMode: 0
      - serializedVersion: 2
        time: 1
        value: 0.3
        inSlope: 0
        outSlope: 0
        tangentMode: 0
      m_PreInfinity: 2
      m_PostInfinity: 2
      m_RotationOrder: 4
    showAnimationProps: 1
    animationPrimary: 0.5
    animationSecondary: 0.5
    animationEdge: 1
    visible: 1
    lockFlags: 7
    nodeIDs: 16000000170000001800000019000000
    parentGroupID: 19
    childGroupIDs: 1a000000
    lodQualityMultiplier: 1
    geometryMode: 0
    materialBranch: {fileID: 2100000, guid: dc2cedeb1d46c4f44b79d6dee993d0a9, type: 2}
    materialBreak: {fileID: 0}
    materialFrond: {fileID: 0}
    height: {x: 10, y: 15}
    radius: 0.1
    radiusCurve:
      serializedVersion: 2
      m_Curve:
      - serializedVersion: 2
        time: 0
        value: 1
        inSlope: -1
        outSlope: -1
        tangentMode: 0
      - serializedVersion: 2
        time: 1
        value: 0
        inSlope: -1
        outSlope: -1
        tangentMode: 0
      m_PreInfinity: 2
      m_PostInfinity: 2
      m_RotationOrder: 4
    radiusMode: 1
    capSmoothing: 0
    crinklyness: 0.1
    crinkCurve:
      serializedVersion: 2
      m_Curve:
      - serializedVersion: 2
        time: 0
        value: 1
        inSlope: 0
        outSlope: 0
        tangentMode: 0
      - serializedVersion: 2
        time: 1
        value: 1
        inSlope: 0
        outSlope: 0
        tangentMode: 0
      m_PreInfinity: 2
      m_PostInfinity: 2
      m_RotationOrder: 4
    seekBlend: 0
    seekCurve:
      serializedVersion: 2
      m_Curve:
      - serializedVersion: 2
        time: 0
        value: 1
        inSlope: 0
        outSlope: 0
        tangentMode: 0
      - serializedVersion: 2
        time: 1
        value: 1
        inSlope: 0
        outSlope: 0
        tangentMode: 0
      m_PreInfinity: 2
      m_PostInfinity: 2
      m_RotationOrder: 4
    noise: 0.1
    noiseCurve:
      serializedVersion: 2
      m_Curve:
      - serializedVersion: 2
        time: 0
        value: 1
        inSlope: 0
        outSlope: 0
        tangentMode: 0
      - serializedVersion: 2
        time: 1
        value: 1
        inSlope: 0
        outSlope: 0
        tangentMode: 0
      m_PreInfinity: 2
      m_PostInfinity: 2
      m_RotationOrder: 4
    noiseScaleU: 0.2
    noiseScaleV: 0.1
    flareSize: 0
    flareHeight: 0.1
    flareNoise: 0.3
    weldHeight: 0.1
    weldSpreadTop: 0
    weldSpreadBottom: 0
    breakingChance: 0
    breakingSpot: {x: 0.4, y: 0.6}
    frondCount: 1
    frondWidth: 1
    frondCurve:
      serializedVersion: 2
      m_Curve:
      - serializedVersion: 2
        time: 0
        value: 1
        inSlope: 0
        outSlope: 0
        tangentMode: 0
      - serializedVersion: 2
        time: 1
        value: 1
        inSlope: 0
        outSlope: 0
        tangentMode: 0
      m_PreInfinity: 2
      m_PostInfinity: 2
      m_RotationOrder: 4
    frondRange: {x: 0.1, y: 1}
    frondRotation: 0
    frondCrease: 0
  leafGroups:
  - _uniqueID: 26
    seed: 1234
    _internalSeed: 2727
    m_Hash: 
    distributionFrequency: 5
    distributionMode: 0
    distributionCurve:
      serializedVersion: 2
      m_Curve:
      - serializedVersion: 2
        time: 0
        value: 1
        inSlope: 0
        outSlope: 0
        tangentMode: 0
      - serializedVersion: 2
        time: 1
        value: 1
        inSlope: 0
        outSlope: 0
        tangentMode: 0
      m_PreInfinity: 2
      m_PostInfinity: 2
      m_RotationOrder: 4
    distributionNodes: 5
    distributionTwirl: 0
    distributionPitch: 0
    distributionPitchCurve:
      serializedVersion: 2
      m_Curve:
      - serializedVersion: 2
        time: 0
        value: 1
        inSlope: 0
        outSlope: 0
        tangentMode: 0
      - serializedVersion: 2
        time: 1
        value: 1
        inSlope: 0
        outSlope: 0
        tangentMode: 0
      m_PreInfinity: 2
      m_PostInfinity: 2
      m_RotationOrder: 4
    distributionScale: 0.921
    distributionScaleCurve:
      serializedVersion: 2
      m_Curve:
      - serializedVersion: 2
        time: 0
        value: 1
        inSlope: 0
        outSlope: 0
        tangentMode: 0
      - serializedVersion: 2
        time: 1
        value: 0.3
        inSlope: 0
        outSlope: 0
        tangentMode: 0
      m_PreInfinity: 2
      m_PostInfinity: 2
      m_RotationOrder: 4
    showAnimationProps: 1
    animationPrimary: 0.5
    animationSecondary: 0.5
    animationEdge: 1
    visible: 1
    lockFlags: 0
    nodeIDs: 1b0000001c0000001d0000001e000000740000007500000076000000
    parentGroupID: 21
    childGroupIDs: 
    geometryMode: 0
    materialLeaf: {fileID: 2100000, guid: 53cd028a8126ca2449ed394fc37b2a07, type: 2}
    instanceMesh: {fileID: 0}
    size: {x: 1.2016807, y: 1.4012605}
    perpendicularAlign: 0
    horizontalAlign: 0.751
  - _uniqueID: 122
    seed: 1234
    _internalSeed: 2727
    m_Hash: 
    distributionFrequency: 5
    distributionMode: 0
    distributionCurve:
      serializedVersion: 2
      m_Curve:
      - serializedVersion: 2
        time: 0
        value: 1
        inSlope: 0
        outSlope: 0
        tangentMode: 0
      - serializedVersion: 2
        time: 1
        value: 1
        inSlope: 0
        outSlope: 0
        tangentMode: 0
      m_PreInfinity: 2
      m_PostInfinity: 2
      m_RotationOrder: 4
    distributionNodes: 5
    distributionTwirl: 0
    distributionPitch: 0
    distributionPitchCurve:
      serializedVersion: 2
      m_Curve:
      - serializedVersion: 2
        time: 0
        value: 1
        inSlope: 0
        outSlope: 0
        tangentMode: 0
      - serializedVersion: 2
        time: 1
        value: 1
        inSlope: 0
        outSlope: 0
        tangentMode: 0
      m_PreInfinity: 2
      m_PostInfinity: 2
      m_RotationOrder: 4
    distributionScale: 1
    distributionScaleCurve:
      serializedVersion: 2
      m_Curve:
      - serializedVersion: 2
        time: 0
        value: 1
        inSlope: 0
        outSlope: 0
        tangentMode: 0
      - serializedVersion: 2
        time: 1
        value: 0.3
        inSlope: 0
        outSlope: 0
        tangentMode: 0
      m_PreInfinity: 2
      m_PostInfinity: 2
      m_RotationOrder: 4
    showAnimationProps: 1
    animationPrimary: 0.5
    animationSecondary: 0.5
    animationEdge: 1
    visible: 1
    lockFlags: 0
    nodeIDs: 7b0000007c0000007d0000007e0000007f000000800000008100000082000000830000008400000085000000
    parentGroupID: 7
    childGroupIDs: 
    geometryMode: 0
    materialLeaf: {fileID: 2100000, guid: 53cd028a8126ca2449ed394fc37b2a07, type: 2}
    instanceMesh: {fileID: 0}
    size: {x: 1.0420167, y: 1.3773109}
    perpendicularAlign: 0
    horizontalAlign: 0.703
  nodes:
  - spline:
      nodes: []
      tension: 0.5
    seed: 3961
    animSeed: 0
    visible: 1
    triStart: 0
    triEnd: 0
    vertStart: 0
    vertEnd: 0
    capRange: 0
    breakOffset: 1
    size: 5
    scale: 1
    offset: 0
    baseAngle: 0
    angle: 0
    pitch: -0
    rotation: {x: 0, y: 0, z: 0, w: 1}
    matrix:
      e00: 0.31812876
      e01: -0.016853336
      e02: -0.94789773
      e03: 0
      e10: 0.05290227
      e11: 0.99859977
      e12: -0.0000000018626456
      e13: 0
      e20: 0.9465704
      e21: -0.050145943
      e22: 0.31857488
      e23: 0
      e30: 0
      e31: 0
      e32: 0
      e33: 1
    parentID: 0
    groupID: 1
    _uniqueID: 2
  - spline:
      nodes:
      - point: {x: 0, y: 0, z: 0}
        rot: {x: 0, y: 0, z: 0, w: 1}
        normal: {x: 0, y: 0, z: 1}
        tangent: {x: 0, y: 1, z: 0}
        time: 0
      - point: {x: -0.29750463, y: 0.8341558, z: 0.46440828}
        rot: {x: 0.22305135, y: 0.006183557, z: -0.027021967, w: 0.9744125}
        normal: {x: 0, y: -0.4350223, z: 0.9004197}
        tangent: {x: 0.05542048, y: 0.8990358, z: 0.43435368}
        time: 0.05580769
      - point: {x: 0.10365468, y: 1.6814947, z: 0.8123852}
        rot: {x: -0.016511561, y: 0.010359448, z: -0.1554525, w: 0.98765105}
        normal: {x: 0.025596997, y: 0.029394437, z: 0.9992401}
        tangent: {x: 0.3067237, y: 0.9511238, z: -0.035836186}
        time: 0.11161539
      - point: {x: 0.26471928, y: 2.5775638, z: 0.39872065}
        rot: {x: -0.06464069, y: 0.027346747, z: -0.020854026, w: 0.9973158}
        normal: {x: 0.0572427, y: 0.1277941, z: 0.9901475}
        tangent: {x: 0.03806046, y: 0.9907734, z: -0.13007525}
        time: 0.16742308
      - point: {x: 0.17579743, y: 3.559484, z: 0.56583047}
        rot: {x: -0.026551345, y: 0.029726064, z: 0.08906985, w: 0.9952276}
        normal: {x: 0.054438803, y: 0.0581445, z: 0.9968228}
        tangent: {x: -0.17886811, y: 0.9827232, z: -0.04755367}
        time: 0.22323078
      - point: {x: -0.08332744, y: 4.4897747, z: 0.30618936}
        rot: {x: -0.14576352, y: 0.038002122, z: 0.22088248, w: 0.9635974}
        normal: {x: 0.008844917, y: 0.2977028, z: 0.9546177}
        tangent: {x: -0.43676212, y: 0.8599279, z: -0.26412648}
        time: 0.27903846
      - point: {x: -0.68177366, y: 5.24793, z: 0.04722497}
        rot: {x: -0.10322299, y: 0.05223383, z: 0.2661158, w: 0.9569739}
        normal: {x: 0.045034904, y: 0.22536394, z: 0.9732333}
        tangent: {x: -0.52011526, y: 0.8370548, z: -0.16976263}
        time: 0.33484617
      - point: {x: -1.1129904, y: 6.1468773, z: -0.029886663}
        rot: {x: -0.060566936, y: 0.058904845, z: 0.13649444, w: 0.9870316}
        normal: {x: 0.0997477, y: 0.1356433, z: 0.98572373}
        tangent: {x: -0.27658394, y: 0.95540184, z: -0.10348259}
        time: 0.39065385
      - point: {x: -1.2272543, y: 7.1321797, z: -0.15686406}
        rot: {x: -0.012999198, y: 0.06588518, z: -0.06143327, w: 0.99584943}
        normal: {x: 0.13282065, y: 0.017795924, z: 0.9909803}
        tangent: {x: 0.120643914, y: 0.99211395, z: -0.033986133}
        time: 0.44646156
      - point: {x: -0.8794087, y: 8.067734, z: -0.09568805}
        rot: {x: -0.079169445, y: 0.06578004, z: -0.106392734, w: 0.9889822}
        normal: {x: 0.14695667, y: 0.14259757, z: 0.97881037}
        tangent: {x: 0.2000255, y: 0.9648256, z: -0.17059164}
        time: 0.50226927
      - point: {x: -0.84248996, y: 8.988095, z: -0.48501003}
        rot: {x: -0.2841317, y: 0.09193491, z: -0.07274223, w: 0.95159113}
        normal: {x: 0.21630594, y: 0.52737933, z: 0.8216343}
        tangent: {x: 0.08619846, y: 0.8279555, z: -0.55412954}
        time: 0.5580769
      - point: {x: -0.7102984, y: 9.692076, z: -1.1828189}
        rot: {x: -0.33348888, y: 0.045795735, z: -0.20769678, w: 0.9184499}
        normal: {x: 0.22265159, y: 0.59356225, z: 0.77337587}
        tangent: {x: 0.35097322, y: 0.6912945, z: -0.63160884}
        time: 0.6138846
      - point: {x: -0.15893751, y: 10.334455, z: -1.715126}
        rot: {x: -0.34654385, y: 0.08430067, z: -0.11717987, w: 0.9268601}
        normal: {x: 0.23748606, y: 0.6226386, z: 0.74560153}
        tangent: {x: 0.15879099, y: 0.7323525, z: -0.66215205}
        time: 0.66969234
      - point: {x: -0.42115048, y: 11.025641, z: -2.388554}
        rot: {x: -0.27043152, y: 0.14498717, z: 0.1019029, w: 0.94628817}
        normal: {x: 0.21928401, y: 0.5413615, z: 0.81169105}
        tangent: {x: -0.2712772, y: 0.8329652, z: -0.482263}
        time: 0.7255
      - point: {x: -0.68610317, y: 11.953134, z: -2.6522946}
        rot: {x: -0.08600293, y: 0.15474996, z: -0.03323744, w: 0.9836418}
        normal: {x: 0.31015417, y: 0.15890536, z: 0.9373119}
        tangent: {x: 0.038769886, y: 0.98299754, z: -0.17947945}
        time: 0.7813077
      - point: {x: -0.3475819, y: 12.89095, z: -2.7291293}
        rot: {x: 0.049244594, y: 0.1533912, z: -0.15080051, w: 0.97534883}
        normal: {x: 0.28436756, y: -0.14232433, z: 0.9480922}
        tangent: {x: 0.30927378, y: 0.94966835, z: 0.0497984}
        time: 0.8371154
      - point: {x: -0.07282305, y: 13.836296, z: -2.553546}
        rot: {x: -0.020492185, y: 0.17001617, z: -0.022629809, w: 0.98496825}
        normal: {x: 0.33584857, y: 0.03267369, z: 0.94134915}
        tangent: {x: 0.037611697, y: 0.9981359, z: -0.04806359}
        time: 0.8929231
      - point: {x: -0.27645975, y: 14.778382, z: -2.8200154}
        rot: {x: -0.19173484, y: 0.18401355, z: 0.071540296, w: 0.9613839}
        normal: {x: 0.32638183, y: 0.3949903, z: 0.85875356}
        tangent: {x: -0.20811914, y: 0.9162395, z: -0.3423327}
        time: 0.94873077
      - point: {x: -0.47053987, y: 15.590941, z: -3.2021756}
        rot: {x: -0.23063007, y: 0.17847966, z: 0.06756589, w: 0.9541434}
        normal: {x: 0.3094249, y: 0.46422672, z: 0.82990956}
        tangent: {x: -0.21126068, y: 0.88448924, z: -0.41599017}
        time: 1
      tension: 0.5
    seed: 3961
    animSeed: 0
    visible: 1
    triStart: 0
    triEnd: 144
    vertStart: 0
    vertEnd: 95
    capRange: 0
    breakOffset: 1
    size: 3.4079323
    scale: 0.9993936
    offset: 0
    baseAngle: 0
    angle: 0
    pitch: -0
    rotation: {x: 0, y: 0, z: 0, w: 1}
    matrix:
      e00: 1
      e01: 0
      e02: 0
      e03: 0
      e10: 0
      e11: 1
      e12: 0
      e13: -0
      e20: 0
      e21: 0
      e22: 1
      e23: 0
      e30: 0
      e31: 0
      e32: 0
      e33: 1
    parentID: 2
    groupID: 3
    _uniqueID: 4
  - spline:
      nodes:
      - point: {x: -0.000006038512, y: -0.000004164256, z: -0.000003547153}
        rot: {x: 0, y: 0, z: 0, w: 1}
        normal: {x: 0, y: 0, z: 1}
        tangent: {x: 0, y: 1, z: 0}
        time: 0
      - point: {x: 0.10139004, y: 0.9876853, z: 0.11915434}
        rot: {x: 0.014502241, y: 0.0009455526, z: -0.06508329, w: 0.997774}
        normal: {x: 0, y: -0.02906307, z: 0.9995776}
        tangent: {x: 0.12990448, y: 0.9911077, z: 0.028816806}
        time: 0.07158439
      - point: {x: 0.25863612, y: 1.9733102, z: 0.057371736}
        rot: {x: -0.03551449, y: 0.0055417772, z: -0.027846215, w: 0.9989658}
        normal: {x: 0.013049718, y: 0.07064693, z: 0.997416}
        tangent: {x: 0.055241402, y: 0.9959266, z: -0.071264185}
        time: 0.1431684
      - point: {x: 0.2112872, y: 2.9689808, z: -0.02261854}
        rot: {x: -0.02041277, y: 0.005640388, z: -0.0027323035, w: 0.999772}
        normal: {x: 0.011389339, y: 0.040786423, z: 0.999103}
        tangent: {x: 0.005231226, y: 0.9991517, z: -0.040848043}
        time: 0.21475244
      - point: {x: 0.26907602, y: 3.9673085, z: -0.024148345}
        rot: {x: 0.010545491, y: 0.0055148234, z: 0.0006573688, w: 0.9999291}
        normal: {x: 0.011044022, y: -0.021082617, z: 0.99971676}
        tangent: {x: -0.0012106007, y: 0.9997767, z: 0.021097256}
        time: 0.28633645
      - point: {x: 0.20887084, y: 4.96454, z: 0.019491687}
        rot: {x: 0.05486379, y: 0.0033563792, z: 0.040183205, w: 0.9976794}
        normal: {x: 0.011107762, y: -0.109203175, z: 0.9939574}
        tangent: {x: -0.07981152, y: 0.99075055, z: 0.10974277}
        time: 0.3579205
      tension: 0.5
    seed: 3961
    animSeed: 0.011236007
    visible: 1
    triStart: 144
    triEnd: 192
    vertStart: 95
    vertEnd: 130
    capRange: 0
    breakOffset: 1
    size: 0.35351324
    scale: 0.33646816
    offset: 0.86169004
    baseAngle: -155.36977
    angle: -155.36977
    pitch: -0
    rotation: {x: 0, y: 0, z: 0, w: 1}
    matrix:
      e00: -0.71392184
      e01: -0.6624591
      e02: -0.22685538
      e03: -0.5084893
      e10: 0.1382753
      e11: 0.184219
      e12: -0.9731101
      e13: 13.393718
      e20: 0.6864367
      e21: -0.7260931
      e22: -0.03991613
      e23: -2.9874783
      e30: 0
      e31: 0
      e32: 0
      e33: 1
    parentID: 4
    groupID: 5
    _uniqueID: 6
  - spline:
      nodes:
      - point: {x: 0.0000058691066, y: -0.0000029911437, z: -0.0000032877886}
        rot: {x: 0, y: 0, z: 0, w: 1}
        normal: {x: 0, y: 0, z: 1}
        tangent: {x: 0, y: 1, z: 0}
        time: 0
      - point: {x: 0.10139004, y: 0.9876853, z: 0.11915434}
        rot: {x: 0.014502241, y: 0.0009455526, z: -0.06508031, w: 0.9977742}
        normal: {x: 0, y: -0.029063046, z: 0.9995776}
        tangent: {x: 0.12989864, y: 0.9911085, z: 0.028816804}
        time: 0.33333394
      - point: {x: 0.2586361, y: 1.9733102, z: 0.0573717}
        rot: {x: -0.03551449, y: 0.0055417772, z: -0.027846215, w: 0.9989658}
        normal: {x: 0.013049127, y: 0.07064698, z: 0.997416}
        tangent: {x: 0.055241387, y: 0.9959266, z: -0.0712642}
        time: 0.6666669
      - point: {x: 0.21128717, y: 2.9689808, z: -0.022618607}
        rot: {x: -0.04022101, y: 0.007753147, z: 0.023388494, w: 0.99888694}
        normal: {x: 0.013607142, y: 0.08071563, z: 0.9966443}
        tangent: {x: -0.047348913, y: 0.9956705, z: -0.079990305}
        time: 1
      tension: 0.5
    seed: 3961
    animSeed: 0.011236007
    visible: 1
    triStart: 192
    triEnd: 216
    vertStart: 130
    vertEnd: 150
    capRange: 0
    breakOffset: 1
    size: 0.19001336
    scale: 0.86326015
    offset: 0.28333336
    baseAngle: 95.42415
    angle: 95.42415
    pitch: -0
    rotation: {x: 0, y: 0, z: 0, w: 1}
    matrix:
      e00: 0.28907806
      e01: -0.6869561
      e02: 0.66672695
      e03: -3.4692285
      e10: 0.9562099
      e11: 0.24051265
      e12: -0.16678163
      e13: 14.239314
      e20: -0.04578473
      e21: 0.68574387
      e22: 0.72640127
      e23: -5.4784465
      e30: 0
      e31: 0
      e32: 0
      e33: 1
    parentID: 6
    groupID: 7
    _uniqueID: 8
  - spline:
      nodes:
      - point: {x: 0.0000031718394, y: -0.000007762275, z: 0.000006951843}
        rot: {x: 0, y: 0, z: 0, w: 1}
        normal: {x: 0, y: 0, z: 1}
        tangent: {x: 0, y: 1, z: 0}
        time: 0
      - point: {x: 0.10139004, y: 0.9876853, z: 0.11915434}
        rot: {x: 0.0144991595, y: 0.0009455527, z: -0.06508078, w: 0.9977743}
        normal: {x: 0, y: -0.029057626, z: 0.99957776}
        tangent: {x: 0.12989973, y: 0.99110854, z: 0.028811427}
        time: 0.33333474
      - point: {x: 0.2586361, y: 1.9733102, z: 0.0573717}
        rot: {x: -0.03551449, y: 0.0055417772, z: -0.027846215, w: 0.9989658}
        normal: {x: 0.013048534, y: 0.070647016, z: 0.997416}
        tangent: {x: 0.05524139, y: 0.9959266, z: -0.071264215}
        time: 0.66666734
      - point: {x: 0.21128717, y: 2.9689808, z: -0.022618607}
        rot: {x: -0.040221196, y: 0.0077521857, z: 0.023388812, w: 0.99888694}
        normal: {x: 0.013606545, y: 0.080715604, z: 0.9966443}
        tangent: {x: -0.047348913, y: 0.99567044, z: -0.07999031}
        time: 1
      tension: 0.5
    seed: 3964
    animSeed: 0.011236007
    visible: 1
    triStart: 216
    triEnd: 240
    vertStart: 150
    vertEnd: 170
    capRange: 0
    breakOffset: 1
    size: 0.21376234
    scale: 0.93134373
    offset: 0.1937602
    baseAngle: -83.3765
    angle: -83.3765
    pitch: -0
    rotation: {x: 0, y: 0, z: 0, w: 1}
    matrix:
      e00: -0.35098842
      e01: 0.6642274
      e02: 0.66000646
      e03: -2.2509527
      e10: -0.9363373
      e11: -0.25567007
      e12: -0.24063466
      e13: 13.849077
      e20: 0.008908082
      e21: -0.7024488
      e22: 0.7116783
      e23: -4.9773517
      e30: 0
      e31: 0
      e32: 0
      e33: 1
    parentID: 6
    groupID: 7
    _uniqueID: 9
  - spline:
      nodes:
      - point: {x: -0.0000019823008, y: 0.00000084408424, z: -0.0000020509165}
        rot: {x: 0, y: 0, z: 0, w: 1}
        normal: {x: 0, y: 0, z: 1}
        tangent: {x: 0, y: 1, z: 0}
        time: 0
      - point: {x: 0.10139004, y: 0.9876853, z: 0.11915434}
        rot: {x: 0.014502241, y: 0.0009455526, z: -0.06508237, w: 0.99777406}
        normal: {x: 0, y: -0.029062623, z: 0.9995776}
        tangent: {x: 0.12990272, y: 0.99110794, z: 0.028816368}
        time: 0.33333325
      - point: {x: 0.2586361, y: 1.9733102, z: 0.0573717}
        rot: {x: -0.03551449, y: 0.0055417772, z: -0.027846215, w: 0.9989658}
        normal: {x: 0.013049486, y: 0.070646964, z: 0.997416}
        tangent: {x: 0.055241387, y: 0.9959266, z: -0.07126421}
        time: 0.6666666
      - point: {x: 0.21128717, y: 2.9689808, z: -0.022618607}
        rot: {x: -0.04022101, y: 0.007753147, z: 0.023388494, w: 0.99888694}
        normal: {x: 0.013607503, y: 0.08071565, z: 0.9966443}
        tangent: {x: -0.047348913, y: 0.9956705, z: -0.07999031}
        time: 1
      tension: 0.5
    seed: 3968
    animSeed: 0.011236007
    visible: 1
    triStart: 240
    triEnd: 264
    vertStart: 170
    vertEnd: 190
    capRange: 0
    breakOffset: 1
    size: 0.18720126
    scale: 0.85411406
    offset: 0.29393965
    baseAngle: -138.14586
    angle: -138.14586
    pitch: -0
    rotation: {x: 0, y: 0, z: 0, w: 1}
    matrix:
      e00: 0.39019382
      e01: 0.6378428
      e02: 0.6640066
      e03: -3.2370703
      e10: -0.7632987
      e11: 0.62739086
      e12: -0.15412852
      e13: 14.359228
      e20: -0.5149013
      e21: -0.44669572
      e22: 0.73166883
      e23: -5.8758125
      e30: 0
      e31: 0
      e32: 0
      e33: 1
    parentID: 6
    groupID: 7
    _uniqueID: 10
  - spline:
      nodes:
      - point: {x: 0.0000027728788, y: -0.000004925366, z: 0.0000015786679}
        rot: {x: 0, y: 0, z: 0, w: 1}
        normal: {x: 0, y: 0, z: 1}
        tangent: {x: 0, y: 1, z: 0}
        time: 0
      - point: {x: 0.0715573, y: 0.94423777, z: -0.321393}
        rot: {x: -0.16165377, y: -0.013482554, z: -0.082012445, w: 0.9833414}
        normal: {x: -0, y: 0.3201332, z: 0.94737256}
        tangent: {x: 0.16565144, y: 0.93428403, z: -0.3157104}
        time: 0.3333343
      - point: {x: 0.3298174, y: 1.8601722, z: -0.6285837}
        rot: {x: -0.20981227, y: -0.01736662, z: -0.11949655, w: 0.97025657}
        normal: {x: 0.016443422, y: 0.41129395, z: 0.9113544}
        tangent: {x: 0.23917207, y: 0.8833988, z: -0.40299293}
        time: 0.66666716
      - point: {x: 0.547366, y: 2.7016706, z: -1.1231067}
        rot: {x: -0.2587129, y: -0.00881023, z: -0.11098823, w: 0.95951635}
        normal: {x: 0.040521406, y: 0.49843425, z: 0.86598}
        tangent: {x: 0.2175486, y: 0.8414985, z: -0.494523}
        time: 1
      tension: 0.5
    seed: 3972
    animSeed: 0.011236007
    visible: 1
    triStart: 264
    triEnd: 288
    vertStart: 190
    vertEnd: 210
    capRange: 0
    breakOffset: 1
    size: 0.22805819
    scale: 0.962762
    offset: 0.13984093
    baseAngle: 116.9614
    angle: 116.9614
    pitch: -0
    rotation: {x: 0, y: 0, z: 0, w: 1}
    matrix:
      e00: 0.5548288
      e01: -0.47110045
      e02: 0.68573254
      e03: -2.124757
      e10: 0.7908588
      e11: 0.5545266
      e12: -0.2589254
      e13: 13.893542
      e20: -0.25827718
      e21: 0.6859769
      e22: 0.6802414
      e23: -4.0052557
      e30: 0
      e31: 0
      e32: 0
      e33: 1
    parentID: 6
    groupID: 7
    _uniqueID: 11
  - spline:
      nodes:
      - point: {x: -0.0000015923285, y: 0.000004101927, z: 0.0000023084624}
        rot: {x: 0, y: 0, z: 0, w: 1}
        normal: {x: 0, y: 0, z: 1}
        tangent: {x: 0, y: 1, z: 0}
        time: 0
      - point: {x: 0.10139004, y: 0.9876853, z: 0.11915434}
        rot: {x: 0.014501213, y: 0.0009455526, z: -0.06508237, w: 0.99777406}
        normal: {x: 0, y: -0.029060638, z: 0.99957764}
        tangent: {x: 0.1299027, y: 0.991108, z: 0.0288144}
        time: 0.33333242
      - point: {x: 0.2586361, y: 1.9733102, z: 0.0573717}
        rot: {x: -0.03551449, y: 0.0055417772, z: -0.027846215, w: 0.9989658}
        normal: {x: 0.013049226, y: 0.07064698, z: 0.997416}
        tangent: {x: 0.055241384, y: 0.9959266, z: -0.07126421}
        time: 0.6666662
      - point: {x: 0.21128717, y: 2.9689808, z: -0.022618607}
        rot: {x: -0.04022101, y: 0.007753147, z: 0.023388494, w: 0.99888694}
        normal: {x: 0.01360724, y: 0.080715634, z: 0.9966443}
        tangent: {x: -0.047348913, y: 0.9956705, z: -0.079990305}
        time: 1
      tension: 0.5
    seed: 3975
    animSeed: 0.011236007
    visible: 1
    triStart: 288
    triEnd: 312
    vertStart: 210
    vertEnd: 230
    capRange: 0
    breakOffset: 1
    size: 0.24376479
    scale: 0.9870904
    offset: 0.08060096
    baseAngle: -124.687386
    angle: -124.687386
    pitch: -0
    rotation: {x: 0, y: 0, z: 0, w: 1}
    matrix:
      e00: 0.17784666
      e01: 0.6317425
      e02: 0.7545009
      e03: -1.152612
      e10: -0.8698101
      e11: 0.4594946
      e12: -0.17970751
      e13: 13.6475
      e20: -0.46021783
      e21: -0.62431234
      e22: 0.63121575
      e23: -3.9201827
      e30: 0
      e31: 0
      e32: 0
      e33: 1
    parentID: 6
    groupID: 7
    _uniqueID: 12
  - spline:
      nodes:
      - point: {x: 0.0000054322213, y: -0.0000019357083, z: -0.0000010605253}
        rot: {x: 0, y: 0, z: 0, w: 1}
        normal: {x: 0, y: 0, z: 1}
        tangent: {x: 0, y: 1, z: 0}
        time: 0
      - point: {x: 0.10139004, y: 0.9876853, z: 0.11915434}
        rot: {x: 0.014501213, y: 0.0009455526, z: -0.06508054, w: 0.9977742}
        normal: {x: 0, y: -0.029061995, z: 0.99957764}
        tangent: {x: 0.1298989, y: 0.9911085, z: 0.028815761}
        time: 0.33333364
      - point: {x: 0.2586361, y: 1.9733102, z: 0.0573717}
        rot: {x: -0.03551449, y: 0.0055417772, z: -0.027846215, w: 0.9989658}
        normal: {x: 0.013049018, y: 0.070646994, z: 0.997416}
        tangent: {x: 0.055241384, y: 0.9959266, z: -0.071264215}
        time: 0.6666668
      - point: {x: 0.21128717, y: 2.9689808, z: -0.022618607}
        rot: {x: -0.04022101, y: 0.007753147, z: 0.023388494, w: 0.99888694}
        normal: {x: 0.013607031, y: 0.08071563, z: 0.9966443}
        tangent: {x: -0.047348913, y: 0.9956705, z: -0.07999031}
        time: 1
      tension: 0.5
    seed: 3979
    animSeed: 0.011236007
    visible: 1
    triStart: 312
    triEnd: 336
    vertStart: 230
    vertEnd: 250
    capRange: 0
    breakOffset: 1
    size: 0.2613944
    scale: 0.999586
    offset: 0.014107943
    baseAngle: 126.56573
    angle: 126.56573
    pitch: -0
    rotation: {x: 0, y: 0, z: 0, w: 1}
    matrix:
      e00: 0.5961889
      e01: -0.42944106
      e02: 0.6783354
      e03: -0.75885546
      e10: 0.7022094
      e11: 0.6885011
      e12: -0.18129511
      e13: 13.641507
      e20: -0.38917926
      e21: 0.5844196
      e22: 0.71203446
      e23: -2.8716464
      e30: 0
      e31: 0
      e32: 0
      e33: 1
    parentID: 6
    groupID: 7
    _uniqueID: 13
  - spline:
      nodes:
      - point: {x: -0.00000089351937, y: 0.000008155195, z: -0.0000060573584}
        rot: {x: 0, y: 0, z: 0, w: 1}
        normal: {x: 0, y: 0, z: 1}
        tangent: {x: 0, y: 1, z: 0}
        time: 0
      - point: {x: 0.10139004, y: 0.9876853, z: 0.11915434}
        rot: {x: 0.01450327, y: 0.0009455527, z: -0.06508238, w: 0.9977741}
        normal: {x: 0, y: -0.02906507, z: 0.9995775}
        tangent: {x: 0.12990254, y: 0.9911079, z: 0.028818795}
        time: 0.3333317
      - point: {x: 0.2586361, y: 1.9733102, z: 0.0573717}
        rot: {x: -0.03551449, y: 0.0055417772, z: -0.027846215, w: 0.9989658}
        normal: {x: 0.013049785, y: 0.07064694, z: 0.997416}
        tangent: {x: 0.055241387, y: 0.9959266, z: -0.0712642}
        time: 0.6666658
      - point: {x: 0.21128717, y: 2.9689808, z: -0.022618607}
        rot: {x: -0.04022101, y: 0.007753147, z: 0.023388494, w: 0.99888694}
        normal: {x: 0.013607804, y: 0.080715664, z: 0.9966443}
        tangent: {x: -0.047348913, y: 0.9956705, z: -0.07999031}
        time: 1
      tension: 0.5
    seed: 3983
    animSeed: 0.011236007
    visible: 1
    triStart: 336
    triEnd: 360
    vertStart: 250
    vertEnd: 270
    capRange: 0
    breakOffset: 1
    size: 0.17695948
    scale: 0.8192322
    offset: 0.3325682
    baseAngle: -77.52776
    angle: -77.52776
    pitch: -0
    rotation: {x: 0, y: 0, z: 0, w: 1}
    matrix:
      e00: -0.33556604
      e01: 0.6921748
      e02: 0.6389751
      e03: -3.6146433
      e10: -0.92715305
      e11: -0.36269644
      e12: -0.09401267
      e13: 14.19781
      e20: 0.16668099
      e21: -0.6239753
      e22: 0.7634607
      e23: -6.3784685
      e30: 0
      e31: 0
      e32: 0
      e33: 1
    parentID: 6
    groupID: 7
    _uniqueID: 14
  - spline:
      nodes:
      - point: {x: 0.0000042595934, y: -0.0000035346593, z: 0.0000015652663}
        rot: {x: 0, y: 0, z: 0, w: 1}
        normal: {x: 0, y: 0, z: 1}
        tangent: {x: 0, y: 1, z: 0}
        time: 0
      - point: {x: 0.10139004, y: 0.9876853, z: 0.11915434}
        rot: {x: 0.014501213, y: 0.0009455526, z: -0.06508077, w: 0.9977742}
        normal: {x: 0, y: -0.029060597, z: 0.99957764}
        tangent: {x: 0.12989941, y: 0.9911084, z: 0.028814372}
        time: 0.07158424
      - point: {x: 0.25863612, y: 1.9733102, z: 0.057371736}
        rot: {x: -0.03551449, y: 0.0055417772, z: -0.027846215, w: 0.9989658}
        normal: {x: 0.0130488835, y: 0.070646964, z: 0.997416}
        tangent: {x: 0.055241402, y: 0.9959266, z: -0.07126418}
        time: 0.14316827
      - point: {x: 0.2112872, y: 2.9689808, z: -0.02261854}
        rot: {x: -0.0204135, y: 0.005637746, z: -0.0027323035, w: 0.999772}
        normal: {x: 0.011388503, y: 0.040786427, z: 0.999103}
        tangent: {x: 0.0052312254, y: 0.99915165, z: -0.040848043}
        time: 0.2147523
      - point: {x: 0.26907602, y: 3.9673085, z: -0.024148345}
        rot: {x: 0.010545491, y: 0.0055148234, z: 0.0006573688, w: 0.9999291}
        normal: {x: 0.011043186, y: -0.021082617, z: 0.99971676}
        tangent: {x: -0.0012106007, y: 0.9997767, z: 0.021097254}
        time: 0.28633633
      - point: {x: 0.20887084, y: 4.96454, z: 0.019491687}
        rot: {x: 0.05486379, y: 0.0033563792, z: 0.040183205, w: 0.9976794}
        normal: {x: 0.01110693, y: -0.10920324, z: 0.9939574}
        tangent: {x: -0.07981153, y: 0.99075055, z: 0.10974277}
        time: 0.35792038
      - point: {x: 0.10983576, y: 5.944058, z: 0.19481087}
        rot: {x: 0.08926755, y: 0.0048675304, z: 0.038634438, w: 0.9952463}
        normal: {x: 0.016587904, y: -0.17731035, z: 0.9840152}
        tangent: {x: -0.076032236, y: 0.9810774, z: 0.17806268}
        time: 0.4295044
      tension: 0.5
    seed: 3961
    animSeed: 0.011236007
    visible: 1
    triStart: 404
    triEnd: 460
    vertStart: 358
    vertEnd: 398
    capRange: 0
    breakOffset: 1
    size: 1.2107135
    scale: 0.6223942
    offset: 0.5263155
    baseAngle: -1.5151784
    angle: -1.5151784
    pitch: -0
    rotation: {x: 0, y: 0, z: 0, w: 1}
    matrix:
      e00: 0.9761714
      e01: 0.15921761
      e02: -0.14744209
      e03: -0.5898153
      e10: -0.19203483
      e11: 0.31741828
      e12: -0.9286378
      e13: 8.989191
      e20: -0.10105468
      e21: 0.93482363
      e22: 0.34042993
      e23: 1.2933669
      e30: 0
      e31: 0
      e32: 0
      e33: 1
    parentID: 4
    groupID: 15
    _uniqueID: 16
  - spline:
      nodes:
      - point: {x: 0.0000017856207, y: -0.0000013535878, z: -0.0000019736274}
        rot: {x: 0, y: 0, z: 0, w: 1}
        normal: {x: 0, y: 0, z: 1}
        tangent: {x: 0, y: 1, z: 0}
        time: 0
      - point: {x: 0.10139004, y: 0.9876853, z: 0.11915434}
        rot: {x: 0.014502241, y: 0.0009455526, z: -0.065081455, w: 0.9977741}
        normal: {x: 0, y: -0.029062487, z: 0.9995776}
        tangent: {x: 0.12990075, y: 0.9911082, z: 0.028816242}
        time: 0.11501414
      - point: {x: 0.2586361, y: 1.9733102, z: 0.057371743}
        rot: {x: -0.03551449, y: 0.0055417772, z: -0.027846215, w: 0.9989658}
        normal: {x: 0.013049265, y: 0.07064695, z: 0.997416}
        tangent: {x: 0.055241372, y: 0.9959266, z: -0.07126418}
        time: 0.23002812
      - point: {x: 0.21128714, y: 2.9689808, z: -0.022618547}
        rot: {x: -0.0204135, y: 0.005637746, z: -0.0027323035, w: 0.999772}
        normal: {x: 0.011388888, y: 0.040786438, z: 0.999103}
        tangent: {x: 0.0052311956, y: 0.99915165, z: -0.040848054}
        time: 0.3450421
      - point: {x: 0.26907593, y: 3.9673085, z: -0.024148367}
        rot: {x: 0.010545491, y: 0.0055148234, z: 0.0006573688, w: 0.9999291}
        normal: {x: 0.011043573, y: -0.021082608, z: 0.99971676}
        tangent: {x: -0.0012106231, y: 0.9997767, z: 0.021097247}
        time: 0.46005607
      tension: 0.5
    seed: 3961
    animSeed: 0.011236007
    visible: 1
    triStart: 460
    triEnd: 500
    vertStart: 398
    vertEnd: 428
    capRange: 0
    breakOffset: 1
    size: 0.45898545
    scale: 0.9179709
    offset: 0.213402
    baseAngle: 128.57164
    angle: 128.57164
    pitch: -0
    rotation: {x: 0, y: 0, z: 0, w: 1}
    matrix:
      e00: -0.5077107
      e01: 0.84441316
      e02: -0.1708683
      e03: 0.8935212
      e10: 0.8312339
      e11: 0.42799622
      e12: -0.35478047
      e13: 10.3129225
      e20: -0.22645025
      e21: -0.3221573
      e22: -0.9192033
      e23: 3.7156775
      e30: 0
      e31: 0
      e32: 0
      e33: 1
    parentID: 16
    groupID: 17
    _uniqueID: 18
  - spline:
      nodes:
      - point: {x: 0.0000007784954, y: 0.0000027412214, z: -0.00000003542243}
        rot: {x: 0, y: 0, z: 0, w: 1}
        normal: {x: 0, y: 0, z: 1}
        tangent: {x: 0, y: 1, z: 0}
        time: 0
      - point: {x: 0.1743258, y: 0.7070497, z: -0.68533903}
        rot: {x: -0.40760213, y: -0.047912877, z: -0.1064596, w: 0.9056663}
        normal: {x: -0, y: 0.7485044, z: 0.6631298}
        tangent: {x: 0.2318926, y: 0.6450538, z: -0.72810125}
        time: 0.24999948
      - point: {x: 0.46170166, y: 1.2843119, z: -1.4496578}
        rot: {x: -0.4619241, y: -0.03349312, z: -0.094007775, w: 0.88128704}
        normal: {x: 0.027814835, y: 0.8204727, z: 0.5710087}
        tangent: {x: 0.19663823, y: 0.55557734, z: -0.80787826}
        time: 0.49999964
      - point: {x: 0.5655176, y: 1.8123145, z: -2.2925313}
        rot: {x: -0.45810977, y: -0.020778507, z: -0.06830377, w: 0.886024}
        normal: {x: 0.025761463, y: 0.81463075, z: 0.5794075}
        tangent: {x: 0.14007513, y: 0.5709402, z: -0.8089539}
        time: 0.7499998
      - point: {x: 0.7412483, y: 2.423732, z: -3.0640798}
        rot: {x: -0.4328304, y: -0.030224422, z: -0.0833608, w: 0.89710385}
        normal: {x: 0.01793352, y: 0.7816267, z: 0.62348866}
        tangent: {x: 0.17573072, y: 0.61141765, z: -0.7715486}
        time: 1
      tension: 0.5
    seed: 3961
    animSeed: 0.011236007
    visible: 1
    triStart: 500
    triEnd: 532
    vertStart: 428
    vertEnd: 453
    capRange: 0
    breakOffset: 1
    size: 0.27391866
    scale: 0.92430234
    offset: 0.20427787
    baseAngle: 151.10341
    angle: 151.10341
    pitch: -0
    rotation: {x: 0, y: 0, z: 0, w: 1}
    matrix:
      e00: 0.5605339
      e01: -0.16040291
      e02: -0.8124483
      e03: 2.1814845
      e10: -0.5446448
      e11: 0.667627
      e12: -0.5075785
      e13: 11.475948
      e20: 0.6238295
      e21: 0.7270109
      e22: 0.2868648
      e23: 3.2934906
      e30: 0
      e31: 0
      e32: 0
      e33: 1
    parentID: 18
    groupID: 19
    _uniqueID: 20
  - spline:
      nodes:
      - point: {x: 0.0000026081864, y: 0.0000025976215, z: -0.0000038368107}
        rot: {x: 0, y: 0, z: 0, w: 1}
        normal: {x: 0, y: 0, z: 1}
        tangent: {x: 0, y: 1, z: 0}
        time: 0
      - point: {x: -0.07895479, y: 0.8235772, z: -0.561695}
        rot: {x: -0.32994053, y: 0.0032227486, z: 0.009234682, w: 0.9439511}
        normal: {x: -0, y: 0.622955, z: 0.78225774}
        tangent: {x: -0.019564345, y: 0.78210795, z: -0.62283576}
        time: 0.50000083
      - point: {x: -0.038950536, y: 1.5571933, z: -1.2400805}
        rot: {x: -0.36449227, y: -0.007965497, z: -0.018365802, w: 0.93099123}
        normal: {x: -0.001443716, y: 0.6789708, z: 0.7341639}
        tangent: {x: 0.040004265, y: 0.7336162, z: -0.6783856}
        time: 1
      tension: 0.5
    seed: 3961
    animSeed: 0.011236007
    visible: 1
    triStart: 532
    triEnd: 548
    vertStart: 453
    vertEnd: 468
    capRange: 0
    breakOffset: 1
    size: 0.08488
    scale: 0.8488
    offset: 0.29999998
    baseAngle: -21.211945
    angle: -21.211945
    pitch: -0
    rotation: {x: 0, y: 0, z: 0, w: 1}
    matrix:
      e00: 0.16786423
      e01: -0.7261329
      e02: -0.66674733
      e03: 2.712256
      e10: -0.5990453
      e11: 0.46201086
      e12: -0.6539803
      e13: 12.418076
      e20: 0.7829213
      e21: 0.5091919
      e22: -0.35743168
      e23: 3.8989878
      e30: 0
      e31: 0
      e32: 0
      e33: 1
    parentID: 20
    groupID: 21
    _uniqueID: 22
  - spline:
      nodes:
      - point: {x: 0.0000025762874, y: -0.000007971858, z: 0.000005072819}
        rot: {x: 0, y: 0, z: 0, w: 1}
        normal: {x: 0, y: 0, z: 1}
        tangent: {x: 0, y: 1, z: 0}
        time: 0
      - point: {x: -0.07895479, y: 0.8235772, z: -0.561695}
        rot: {x: -0.32994083, y: 0.0032273692, z: 0.009234682, w: 0.94395095}
        normal: {x: -0, y: 0.6229556, z: 0.78225726}
        tangent: {x: -0.019563785, y: 0.78210753, z: -0.6228364}
        time: 0.5000043
      - point: {x: -0.038950536, y: 1.5571933, z: -1.2400805}
        rot: {x: -0.36449227, y: -0.007965497, z: -0.018365802, w: 0.93099123}
        normal: {x: -0.0014436594, y: 0.6789708, z: 0.7341639}
        tangent: {x: 0.040004265, y: 0.7336162, z: -0.6783856}
        time: 1
      tension: 0.5
    seed: 3964
    animSeed: 0.011236007
    visible: 1
    triStart: 548
    triEnd: 564
    vertStart: 468
    vertEnd: 483
    capRange: 0
    breakOffset: 1
    size: 0.05027182
    scale: 0.5027182
    offset: 0.6442723
    baseAngle: -157.92595
    angle: -157.92595
    pitch: -0
    rotation: {x: 0, y: 0, z: 0, w: 1}
    matrix:
      e00: -0.66011596
      e01: 0.3554226
      e02: -0.6617563
      e03: 3.8303666
      e10: 0.71434706
      e11: 0.024610529
      e12: -0.69935846
      e13: 13.233698
      e20: -0.23228149
      e21: -0.93438137
      e22: -0.27014112
      e23: 4.1277337
      e30: 0
      e31: 0
      e32: 0
      e33: 1
    parentID: 20
    groupID: 21
    _uniqueID: 23
  - spline:
      nodes:
      - point: {x: -0.0000012577182, y: 0.0000020480218, z: 0.00000047357094}
        rot: {x: 0, y: 0, z: 0, w: 1}
        normal: {x: 0, y: 0, z: 1}
        tangent: {x: 0, y: 1, z: 0}
        time: 0
      - point: {x: -0.07895479, y: 0.8235772, z: -0.561695}
        rot: {x: -0.32994124, y: 0.0032273692, z: 0.009233068, w: 0.94395083}
        normal: {x: -0, y: 0.6229562, z: 0.7822567}
        tangent: {x: -0.019562295, y: 0.78210706, z: -0.622837}
        time: 0.50000143
      - point: {x: -0.038950536, y: 1.5571933, z: -1.2400805}
        rot: {x: -0.36449227, y: -0.007965497, z: -0.018365802, w: 0.93099123}
        normal: {x: -0.0014435338, y: 0.67897075, z: 0.7341639}
        tangent: {x: 0.040004265, y: 0.7336162, z: -0.67838556}
        time: 1
      tension: 0.5
    seed: 3968
    animSeed: 0.011236007
    visible: 1
    triStart: 564
    triEnd: 580
    vertStart: 483
    vertEnd: 498
    capRange: 0
    breakOffset: 1
    size: 0.08267736
    scale: 0.8267736
    offset: 0.32442808
    baseAngle: 157.70752
    angle: 157.70752
    pitch: -0
    rotation: {x: 0, y: 0, z: 0, w: 1}
    matrix:
      e00: -0.15908533
      e01: 0.7170058
      e02: -0.6786709
      e03: 3.050613
      e10: 0.5844356
      e11: -0.4856403
      e12: -0.65006787
      e13: 12.299292
      e20: -0.7956923
      e21: -0.5000558
      e22: -0.34178573
      e23: 3.74897
      e30: 0
      e31: 0
      e32: 0
      e33: 1
    parentID: 20
    groupID: 21
    _uniqueID: 24
  - spline:
      nodes:
      - point: {x: -0.000008184033, y: 0.0000059126214, z: -0.000003896669}
        rot: {x: 0, y: 0, z: 0, w: 1}
        normal: {x: 0, y: 0, z: 1}
        tangent: {x: 0, y: 1, z: 0}
        time: 0
      - point: {x: -0.07895479, y: 0.8235772, z: -0.561695}
        rot: {x: -0.32994092, y: 0.0032273692, z: 0.009231454, w: 0.94395095}
        normal: {x: -0, y: 0.62295574, z: 0.78225714}
        tangent: {x: -0.019559061, y: 0.78210753, z: -0.6228366}
        time: 0.4999999
      - point: {x: -0.038950536, y: 1.5571933, z: -1.2400805}
        rot: {x: -0.36449227, y: -0.007965497, z: -0.018365802, w: 0.93099123}
        normal: {x: -0.001443307, y: 0.67897075, z: 0.7341639}
        tangent: {x: 0.040004265, y: 0.7336162, z: -0.67838556}
        time: 1
      tension: 0.5
    seed: 3972
    animSeed: 0.011236007
    visible: 1
    triStart: 580
    triEnd: 596
    vertStart: 498
    vertEnd: 513
    capRange: 0
    breakOffset: 1
    size: 0.06027299
    scale: 0.6027299
    offset: 0.5451418
    baseAngle: -22.581806
    angle: -22.581806
    pitch: -0
    rotation: {x: 0, y: 0, z: 0, w: 1}
    matrix:
      e00: 0.20323575
      e01: -0.70771796
      e02: -0.67663145
      e03: 3.4450414
      e10: -0.5429822
      e11: 0.4935939
      e12: -0.67936367
      e13: 13.003713
      e20: 0.814779
      e21: 0.50547
      e22: -0.2839626
      e23: 4.20849
      e30: 0
      e31: 0
      e32: 0
      e33: 1
    parentID: 20
    groupID: 21
    _uniqueID: 25
  - spline:
      nodes: []
      tension: 0.5
    seed: 3961
    animSeed: 0.011236007
    visible: 1
    triStart: 596
    triEnd: 600
    vertStart: 513
    vertEnd: 521
    capRange: 0
    breakOffset: 1
    size: 0
    scale: 3.318186
    offset: 0.1919192
    baseAngle: 126.184296
    angle: 126.184296
    pitch: -0
    rotation: {x: 0.07740762, y: -0.08742739, z: 0.006814323, w: 0.99313545}
    matrix:
      e00: -0.26066077
      e01: 0.96539485
      e02: -0.008254558
      e03: 5.9007998
      e10: 0.20670196
      e11: 0.047454715
      e12: -0.97725224
      e13: 12.827721
      e20: -0.9430429
      e21: -0.25643778
      e22: -0.21191847
      e23: 3.2000728
      e30: 0
      e31: 0
      e32: 0
      e33: 1
    parentID: 22
    groupID: 26
    _uniqueID: 27
  - spline:
      nodes: []
      tension: 0.5
    seed: 3964
    animSeed: 0.011236007
    visible: 1
    triStart: 600
    triEnd: 604
    vertStart: 521
    vertEnd: 529
    capRange: 0
    breakOffset: 1
    size: 0
    scale: 1.4748745
    offset: 0.8181818
    baseAngle: 158.13857
    angle: 158.13857
    pitch: -0
    rotation: {x: 0.32013047, y: -0.3500806, z: 0.12869042, w: 0.870861}
    matrix:
      e00: -0.7396369
      e01: 0.64691436
      e02: -0.18557884
      e03: 3.3804142
      e10: 0.08549526
      e11: -0.18319523
      e12: -0.979352
      e13: 13.480349
      e20: -0.6675539
      e21: -0.7402308
      e22: 0.080189586
      e23: 3.8099928
      e30: 0
      e31: 0
      e32: 0
      e33: 1
    parentID: 22
    groupID: 26
    _uniqueID: 28
  - spline:
      nodes: []
      tension: 0.5
    seed: 3968
    animSeed: 0.011236007
    visible: 1
    triStart: 604
    triEnd: 608
    vertStart: 529
    vertEnd: 537
    capRange: 0
    breakOffset: 1
    size: 0
    scale: 1.9413627
    offset: 0.64646465
    baseAngle: 46.932396
    angle: 46.932396
    pitch: -0
    rotation: {x: 0.14611231, y: -0.21960407, z: 0.03328474, w: 0.9640111}
    matrix:
      e00: 0.9907887
      e01: 0.065348744
      e02: 0.11860584
      e03: 4.898244
      e10: 0.10378578
      e11: 0.19615644
      e12: -0.97506475
      e13: 14.131092
      e20: -0.08698456
      e21: 0.9783927
      e22: 0.1875673
      e23: 5.2732887
      e30: 0
      e31: 0
      e32: 0
      e33: 1
    parentID: 23
    groupID: 26
    _uniqueID: 29
  - spline:
      nodes: []
      tension: 0.5
    seed: 3972
    animSeed: 0.011236007
    visible: 1
    triStart: 608
    triEnd: 612
    vertStart: 537
    vertEnd: 545
    capRange: 0
    breakOffset: 1
    size: 0
    scale: 3.4916093
    offset: 0.08080808
    baseAngle: 136.40948
    angle: 136.40948
    pitch: -0
    rotation: {x: -0.2786012, y: 0.27806112, z: 0.08463049, w: 0.9153694}
    matrix:
      e00: -0.42567682
      e01: 0.77340627
      e02: 0.46972573
      e03: 5.913038
      e10: -0.6214392
      e11: 0.12745881
      e12: -0.77302504
      e13: 12.743456
      e20: -0.6577331
      e21: -0.62096465
      e22: 0.42636865
      e23: 1.5172603
      e30: 0
      e31: 0
      e32: 0
      e33: 1
    parentID: 24
    groupID: 26
    _uniqueID: 30
  - spline:
      nodes: []
      tension: 0.5
    seed: 3961
    animSeed: 0.011236007
    visible: 1
    triStart: 0
    triEnd: 0
    vertStart: 0
    vertEnd: 0
    capRange: 0
    breakOffset: 1
    size: 0
    scale: 0.9325473
    offset: 0.1919192
    baseAngle: 126.184296
    angle: 126.184296
    pitch: -0
    rotation: {x: 0, y: 0, z: 0, w: 1}
    matrix:
      e00: 1
      e01: 0
      e02: 0
      e03: 0
      e10: 0
      e11: 1
      e12: 0
      e13: 0
      e20: 0
      e21: 0
      e22: 1
      e23: 0
      e30: 0
      e31: 0
      e32: 0
      e33: 1
    parentID: 22
    groupID: 31
    _uniqueID: 32
  - spline:
      nodes: []
      tension: 0.5
    seed: 3964
    animSeed: 0.011236007
    visible: 1
    triStart: 0
    triEnd: 0
    vertStart: 0
    vertEnd: 0
    capRange: 0
    breakOffset: 1
    size: 0
    scale: 0.3610068
    offset: 0.8181818
    baseAngle: 158.13857
    angle: 158.13857
    pitch: -0
    rotation: {x: 0, y: 0, z: 0, w: 1}
    matrix:
      e00: 1
      e01: 0
      e02: 0
      e03: 0
      e10: 0
      e11: 1
      e12: 0
      e13: 0
      e20: 0
      e21: 0
      e22: 1
      e23: 0
      e30: 0
      e31: 0
      e32: 0
      e33: 1
    parentID: 23
    groupID: 31
    _uniqueID: 33
  - spline:
      nodes: []
      tension: 0.5
    seed: 3968
    animSeed: 0.011236007
    visible: 1
    triStart: 0
    triEnd: 0
    vertStart: 0
    vertEnd: 0
    capRange: 0
    breakOffset: 1
    size: 0
    scale: 0.5006109
    offset: 0.64646465
    baseAngle: 46.932396
    angle: 46.932396
    pitch: -0
    rotation: {x: 0, y: 0, z: 0, w: 1}
    matrix:
      e00: 1
      e01: 0
      e02: 0
      e03: 0
      e10: 0
      e11: 1
      e12: 0
      e13: 0
      e20: 0
      e21: 0
      e22: 1
      e23: 0
      e30: 0
      e31: 0
      e32: 0
      e33: 1
    parentID: 24
    groupID: 31
    _uniqueID: 34
  - spline:
      nodes: []
      tension: 0.5
    seed: 3972
    animSeed: 0.011236007
    visible: 1
    triStart: 0
    triEnd: 0
    vertStart: 0
    vertEnd: 0
    capRange: 0
    breakOffset: 1
    size: 0
    scale: 0.98702586
    offset: 0.08080808
    baseAngle: 136.40948
    angle: 136.40948
    pitch: -0
    rotation: {x: 0, y: 0, z: 0, w: 1}
    matrix:
      e00: 1
      e01: 0
      e02: 0
      e03: 0
      e10: 0
      e11: 1
      e12: 0
      e13: 0
      e20: 0
      e21: 0
      e22: 1
      e23: 0
      e30: 0
      e31: 0
      e32: 0
      e33: 1
    parentID: 25
    groupID: 31
    _uniqueID: 35
  - spline:
      nodes: []
      tension: 0.5
    seed: 3961
    animSeed: 0.011236007
    visible: 1
    triStart: 1976
    triEnd: 1980
    vertStart: 1190
    vertEnd: 1198
    capRange: 0
    breakOffset: 1
    size: 0
    scale: 0.9325473
    offset: 0.1919192
    baseAngle: 126.184296
    angle: 126.184296
    pitch: -0
    rotation: {x: 0.07740762, y: -0.08742739, z: 0.006814323, w: 0.99313545}
    matrix:
      e00: 0.6546902
      e01: 0.6582292
      e02: 0.37163758
      e03: 3.2902017
      e10: 0.6577372
      e11: -0.25377995
      e12: -0.70920885
      e13: 12.412935
      e20: -0.37250778
      e21: 0.70875216
      e22: -0.5990892
      e23: 4.7781262
      e30: 0
      e31: 0
      e32: 0
      e33: 1
    parentID: 22
    groupID: 31
    _uniqueID: 36
  - spline:
      nodes: []
      tension: 0.5
    seed: 3964
    animSeed: 0.011236007
    visible: 1
    triStart: 1980
    triEnd: 1984
    vertStart: 1198
    vertEnd: 1206
    capRange: 0
    breakOffset: 1
    size: 0
    scale: 0.3610068
    offset: 0.8181818
    baseAngle: 158.13857
    angle: 158.13857
    pitch: -0
    rotation: {x: 0.32013047, y: -0.3500806, z: 0.12869042, w: 0.870861}
    matrix:
      e00: 0.032969657
      e01: -0.6548759
      e02: -0.7550168
      e03: 4.791018
      e10: -0.67781925
      e11: 0.540504
      e12: -0.49841368
      e13: 14.153496
      e20: 0.73448867
      e21: 0.5281975
      e22: -0.42606735
      e23: 3.356917
      e30: 0
      e31: 0
      e32: 0
      e33: 1
    parentID: 23
    groupID: 31
    _uniqueID: 37
  - spline:
      nodes: []
      tension: 0.5
    seed: 3968
    animSeed: 0.011236007
    visible: 1
    triStart: 1984
    triEnd: 1988
    vertStart: 1206
    vertEnd: 1214
    capRange: 0
    breakOffset: 1
    size: 0
    scale: 0.5006109
    offset: 0.64646465
    baseAngle: 46.932396
    angle: 46.932396
    pitch: -0
    rotation: {x: 0.14611231, y: -0.21960407, z: 0.03328474, w: 0.9640111}
    matrix:
      e00: -0.51162106
      e01: -0.33852667
      e02: -0.78971064
      e03: 4.1726456
      e10: 0.85712373
      e11: -0.2651142
      e12: -0.44164845
      e13: 12.09896
      e20: -0.05985367
      e21: -0.90283656
      e22: 0.42579713
      e23: 3.0603685
      e30: 0
      e31: 0
      e32: 0
      e33: 1
    parentID: 24
    groupID: 31
    _uniqueID: 38
  - spline:
      nodes: []
      tension: 0.5
    seed: 3972
    animSeed: 0.011236007
    visible: 1
    triStart: 1988
    triEnd: 1992
    vertStart: 1214
    vertEnd: 1222
    capRange: 0
    breakOffset: 1
    size: 0
    scale: 0.98702586
    offset: 0.08080808
    baseAngle: 136.40948
    angle: 136.40948
    pitch: -0
    rotation: {x: -0.2786012, y: 0.27806112, z: 0.08463049, w: 0.9153694}
    matrix:
      e00: -0.082200065
      e01: 0.10812115
      e02: 0.9907334
      e03: 3.532982
      e10: 0.99369717
      e11: 0.08491494
      e12: 0.07317923
      e13: 13.179667
      e20: -0.07621575
      e21: 0.9905043
      e22: -0.11441954
      e23: 5.2936997
      e30: 0
      e31: 0
      e32: 0
      e33: 1
    parentID: 25
    groupID: 31
    _uniqueID: 39
  - spline:
      nodes: []
      tension: 0.5
    seed: 3961
    animSeed: 0.011236007
    visible: 1
    triStart: 0
    triEnd: 0
    vertStart: 0
    vertEnd: 0
    capRange: 0
    breakOffset: 1
    size: 0
    scale: 0.9325473
    offset: 0.1919192
    baseAngle: 126.184296
    angle: 126.184296
    pitch: -0
    rotation: {x: 0, y: 0, z: 0, w: 1}
    matrix:
      e00: 1
      e01: 0
      e02: 0
      e03: 0
      e10: 0
      e11: 1
      e12: 0
      e13: 0
      e20: 0
      e21: 0
      e22: 1
      e23: 0
      e30: 0
      e31: 0
      e32: 0
      e33: 1
    parentID: 22
    groupID: 40
    _uniqueID: 41
  - spline:
      nodes: []
      tension: 0.5
    seed: 3964
    animSeed: 0.011236007
    visible: 1
    triStart: 0
    triEnd: 0
    vertStart: 0
    vertEnd: 0
    capRange: 0
    breakOffset: 1
    size: 0
    scale: 0.3610068
    offset: 0.8181818
    baseAngle: 158.13857
    angle: 158.13857
    pitch: -0
    rotation: {x: 0, y: 0, z: 0, w: 1}
    matrix:
      e00: 1
      e01: 0
      e02: 0
      e03: 0
      e10: 0
      e11: 1
      e12: 0
      e13: 0
      e20: 0
      e21: 0
      e22: 1
      e23: 0
      e30: 0
      e31: 0
      e32: 0
      e33: 1
    parentID: 23
    groupID: 40
    _uniqueID: 42
  - spline:
      nodes: []
      tension: 0.5
    seed: 3968
    animSeed: 0.011236007
    visible: 1
    triStart: 0
    triEnd: 0
    vertStart: 0
    vertEnd: 0
    capRange: 0
    breakOffset: 1
    size: 0
    scale: 0.5006109
    offset: 0.64646465
    baseAngle: 46.932396
    angle: 46.932396
    pitch: -0
    rotation: {x: 0, y: 0, z: 0, w: 1}
    matrix:
      e00: 1
      e01: 0
      e02: 0
      e03: 0
      e10: 0
      e11: 1
      e12: 0
      e13: 0
      e20: 0
      e21: 0
      e22: 1
      e23: 0
      e30: 0
      e31: 0
      e32: 0
      e33: 1
    parentID: 24
    groupID: 40
    _uniqueID: 43
  - spline:
      nodes: []
      tension: 0.5
    seed: 3972
    animSeed: 0.011236007
    visible: 1
    triStart: 0
    triEnd: 0
    vertStart: 0
    vertEnd: 0
    capRange: 0
    breakOffset: 1
    size: 0
    scale: 0.98702586
    offset: 0.08080808
    baseAngle: 136.40948
    angle: 136.40948
    pitch: -0
    rotation: {x: 0, y: 0, z: 0, w: 1}
    matrix:
      e00: 1
      e01: 0
      e02: 0
      e03: 0
      e10: 0
      e11: 1
      e12: 0
      e13: 0
      e20: 0
      e21: 0
      e22: 1
      e23: 0
      e30: 0
      e31: 0
      e32: 0
      e33: 1
    parentID: 25
    groupID: 40
    _uniqueID: 44
  - spline:
      nodes: []
      tension: 0.5
    seed: 3961
    animSeed: 0.011236007
    visible: 1
    triStart: 1992
    triEnd: 1996
    vertStart: 1222
    vertEnd: 1230
    capRange: 0
    breakOffset: 1
    size: 0
    scale: 0.3610068
    offset: 0.8181818
    baseAngle: 158.13857
    angle: 158.13857
    pitch: -0
    rotation: {x: 0.32013047, y: -0.3500806, z: 0.12869042, w: 0.870861}
    matrix:
      e00: 0.032969657
      e01: -0.6548759
      e02: -0.7550168
      e03: 4.791018
      e10: -0.67781925
      e11: 0.540504
      e12: -0.49841368
      e13: 14.153496
      e20: 0.73448867
      e21: 0.5281975
      e22: -0.42606735
      e23: 3.356917
      e30: 0
      e31: 0
      e32: 0
      e33: 1
    parentID: 23
    groupID: 40
    _uniqueID: 46
  - spline:
      nodes: []
      tension: 0.5
    seed: 3964
    animSeed: 0.011236007
    visible: 1
    triStart: 1996
    triEnd: 2000
    vertStart: 1230
    vertEnd: 1238
    capRange: 0
    breakOffset: 1
    size: 0
    scale: 0.67525566
    offset: 0.47592846
    baseAngle: -132.39342
    angle: -132.39342
    pitch: -0
    rotation: {x: 0.14611231, y: -0.21960407, z: 0.03328474, w: 0.9640111}
    matrix:
      e00: -0.40774477
      e01: -0.06081209
      e02: -0.91106826
      e03: 3.9428086
      e10: -0.8921068
      e11: 0.23923612
      e12: 0.38328972
      e13: 12.390102
      e20: 0.19465151
      e21: 0.96905476
      e22: -0.15179834
      e23: 4.296232
      e30: 0
      e31: 0
      e32: 0
      e33: 1
    parentID: 24
    groupID: 40
    _uniqueID: 47
  - spline:
      nodes: []
      tension: 0.5
    seed: 3968
    animSeed: 0.011236007
    visible: 1
    triStart: 2000
    triEnd: 2004
    vertStart: 1238
    vertEnd: 1246
    capRange: 0
    breakOffset: 1
    size: 0
    scale: 0.98702586
    offset: 0.08080808
    baseAngle: 136.40948
    angle: 136.40948
    pitch: -0
    rotation: {x: -0.2786012, y: 0.27806112, z: 0.08463049, w: 0.9153694}
    matrix:
      e00: -0.082200065
      e01: 0.10812115
      e02: 0.9907334
      e03: 3.532982
      e10: 0.99369717
      e11: 0.08491494
      e12: 0.07317923
      e13: 13.179667
      e20: -0.07621575
      e21: 0.9905043
      e22: -0.11441954
      e23: 5.2936997
      e30: 0
      e31: 0
      e32: 0
      e33: 1
    parentID: 25
    groupID: 40
    _uniqueID: 48
  - spline:
      nodes: []
      tension: 0.5
    seed: 3975
    animSeed: 0.011236007
    visible: 1
    triStart: 612
    triEnd: 616
    vertStart: 545
    vertEnd: 553
    capRange: 0
    breakOffset: 1
    size: 0
    scale: 3.5242417
    offset: 0.121212125
    baseAngle: 32.53657
    angle: 32.53657
    pitch: -0
    rotation: {x: -0.63598335, y: -0.22990528, z: -0.20680077, w: 0.7070376}
    matrix:
      e00: 0.5621253
      e01: 0.8269662
      e02: 0.011917263
      e03: 6.1953607
      e10: 0.29177493
      e11: -0.18480814
      e12: -0.9384632
      e13: 11.616349
      e20: -0.773875
      e21: 0.5310111
      e22: -0.34517336
      e23: 5.632036
      e30: 0
      e31: 0
      e32: 0
      e33: 1
    parentID: 24
    groupID: 26
    _uniqueID: 116
  - spline:
      nodes: []
      tension: 0.5
    seed: 3979
    animSeed: 0.011236007
    visible: 1
    triStart: 616
    triEnd: 620
    vertStart: 553
    vertEnd: 561
    capRange: 0
    breakOffset: 1
    size: 0
    scale: 2.1097393
    offset: 0.6969697
    baseAngle: 326.8284
    angle: 326.8284
    pitch: -0
    rotation: {x: 0.49514496, y: -0.4929439, z: 0.4230567, w: 0.5769409}
    matrix:
      e00: 0.99785274
      e01: -0.006717304
      e02: 0.06515243
      e03: 3.1768827
      e10: 0.06038759
      e11: 0.47955108
      e12: -0.8754337
      e13: 15.210655
      e20: -0.025363363
      e21: 0.87748826
      e22: 0.47892696
      e23: 6.843971
      e30: 0
      e31: 0
      e32: 0
      e33: 1
    parentID: 25
    groupID: 26
    _uniqueID: 117
  - spline:
      nodes: []
      tension: 0.5
    seed: 3983
    animSeed: 0.011236007
    visible: 1
    triStart: 620
    triEnd: 624
    vertStart: 561
    vertEnd: 569
    capRange: 0
    breakOffset: 1
    size: 0
    scale: 2.5885885
    offset: 0.45454547
    baseAngle: 284.01077
    angle: 284.01077
    pitch: -0
    rotation: {x: 0.40556607, y: -0.46815538, z: 0.2558064, w: 0.742233}
    matrix:
      e00: -0.2530173
      e01: -0.9186119
      e02: 0.30353737
      e03: 0.8325375
      e10: -0.27139735
      e11: -0.23375452
      e12: -0.93365026
      e13: 13.144364
      e20: 0.9286152
      e21: -0.31860867
      e22: -0.19016504
      e23: 3.833136
      e30: 0
      e31: 0
      e32: 0
      e33: 1
    parentID: 25
    groupID: 26
    _uniqueID: 118
  - spline:
      nodes: []
      tension: 0.5
    seed: 3961
    animSeed: 0.011236007
    visible: 1
    triStart: 360
    triEnd: 364
    vertStart: 270
    vertEnd: 278
    capRange: 0
    breakOffset: 1
    size: 0
    scale: 2.1619287
    offset: 0.1919192
    baseAngle: 126.184296
    angle: 126.184296
    pitch: -0
    rotation: {x: 0.07740762, y: -0.08742739, z: 0.006814323, w: 0.99313545}
    matrix:
      e00: -0.6666508
      e01: 0.668785
      e02: 0.3290957
      e03: -2.2119386
      e10: -0.11450192
      e11: 0.344392
      e12: -0.9318174
      e13: 15.195752
      e20: -0.7365233
      e21: -0.6588787
      e22: -0.15301228
      e23: -6.5967607
      e30: 0
      e31: 0
      e32: 0
      e33: 1
    parentID: 8
    groupID: 122
    _uniqueID: 123
  - spline:
      nodes: []
      tension: 0.5
    seed: 3964
    animSeed: 0.011236007
    visible: 1
    triStart: 364
    triEnd: 368
    vertStart: 278
    vertEnd: 286
    capRange: 0
    breakOffset: 1
    size: 0
    scale: 0.8577239
    offset: 0.8181818
    baseAngle: 158.13857
    angle: 158.13857
    pitch: -0
    rotation: {x: 0.32013047, y: -0.3500806, z: 0.12869042, w: 0.870861}
    matrix:
      e00: -0.9794923
      e01: -0.065168045
      e02: -0.19065031
      e03: -0.7366636
      e10: 0.20141375
      e11: -0.34107208
      e12: -0.91820586
      e13: 12.672136
      e20: -0.0051878467
      e21: -0.9377754
      e22: 0.34720355
      e23: -7.546312
      e30: 0
      e31: 0
      e32: 0
      e33: 1
    parentID: 9
    groupID: 122
    _uniqueID: 124
  - spline:
      nodes: []
      tension: 0.5
    seed: 3968
    animSeed: 0.011236007
    visible: 1
    triStart: 368
    triEnd: 372
    vertStart: 286
    vertEnd: 294
    capRange: 0
    breakOffset: 1
    size: 0
    scale: 1.200951
    offset: 0.64646465
    baseAngle: 46.932396
    angle: 46.932396
    pitch: -0
    rotation: {x: 0.14611231, y: -0.21960407, z: 0.03328474, w: 0.9640111}
    matrix:
      e00: 0.29669225
      e01: 0.7787354
      e02: -0.5527614
      e03: -0.034462187
      e10: -0.57183313
      e11: -0.3187101
      e12: -0.75593066
      e13: 12.699882
      e20: -0.7648404
      e21: 0.54036605
      e22: 0.35074764
      e23: -5.5852323
      e30: 0
      e31: 0
      e32: 0
      e33: 1
    parentID: 9
    groupID: 122
    _uniqueID: 125
  - spline:
      nodes: []
      tension: 0.5
    seed: 3972
    animSeed: 0.011236007
    visible: 1
    triStart: 372
    triEnd: 376
    vertStart: 294
    vertEnd: 302
    capRange: 0
    breakOffset: 1
    size: 0
    scale: 2.3037257
    offset: 0.08080808
    baseAngle: 136.40948
    angle: 136.40948
    pitch: -0
    rotation: {x: -0.2786012, y: 0.27806112, z: 0.08463049, w: 0.9153694}
    matrix:
      e00: -0.69947314
      e01: 0.6341039
      e02: -0.32962093
      e03: -1.5355253
      e10: 0.33892202
      e11: -0.111733556
      e12: -0.9341562
      e13: 14.173519
      e20: -0.6291816
      e21: -0.7651328
      e22: -0.13675737
      e23: -7.83678
      e30: 0
      e31: 0
      e32: 0
      e33: 1
    parentID: 10
    groupID: 122
    _uniqueID: 126
  - spline:
      nodes: []
      tension: 0.5
    seed: 3975
    animSeed: 0.011236007
    visible: 1
    triStart: 376
    triEnd: 380
    vertStart: 302
    vertEnd: 310
    capRange: 0
    breakOffset: 1
    size: 0
    scale: 2.3717675
    offset: 0.121212125
    baseAngle: 32.53657
    angle: 32.53657
    pitch: -0
    rotation: {x: -0.63598335, y: -0.22990528, z: -0.20680077, w: 0.7070376}
    matrix:
      e00: 0.7829163
      e01: 0.47251034
      e02: 0.4046926
      e03: -1.0961045
      e10: 0.16487713
      e11: 0.46964788
      e12: -0.8673215
      e13: 15.288559
      e20: -0.59988135
      e21: 0.74576473
      e22: 0.28978884
      e23: -1.9654936
      e30: 0
      e31: 0
      e32: 0
      e33: 1
    parentID: 11
    groupID: 122
    _uniqueID: 127
  - spline:
      nodes: []
      tension: 0.5
    seed: 3979
    animSeed: 0.011236007
    visible: 1
    triStart: 380
    triEnd: 384
    vertStart: 310
    vertEnd: 318
    capRange: 0
    breakOffset: 1
    size: 0
    scale: 1.4738871
    offset: 0.6969697
    baseAngle: 326.8284
    angle: 326.8284
    pitch: -0
    rotation: {x: 0.49514496, y: -0.4929439, z: 0.4230567, w: 0.5769409}
    matrix:
      e00: 0.8037107
      e01: -0.5919932
      e02: -0.059941337
      e03: -4.2164226
      e10: -0.33405423
      e11: -0.3655566
      e12: -0.8687781
      e13: 14.85812
      e20: 0.49239892
      e21: 0.71826994
      e22: -0.49155962
      e23: -2.109915
      e30: 0
      e31: 0
      e32: 0
      e33: 1
    parentID: 11
    groupID: 122
    _uniqueID: 128
  - spline:
      nodes: []
      tension: 0.5
    seed: 3983
    animSeed: 0.011236007
    visible: 1
    triStart: 384
    triEnd: 388
    vertStart: 318
    vertEnd: 326
    capRange: 0
    breakOffset: 1
    size: 0
    scale: 1.6607568
    offset: 0.45454547
    baseAngle: 284.01077
    angle: 284.01077
    pitch: -0
    rotation: {x: 0.40556607, y: -0.46815538, z: 0.2558064, w: 0.742233}
    matrix:
      e00: 0.13353527
      e01: -0.9629923
      e02: -0.23412347
      e03: -1.9171536
      e10: -0.17163265
      e11: 0.21019822
      e12: -0.9624753
      e13: 14.481193
      e20: 0.97606874
      e21: 0.16870752
      e22: -0.13721204
      e23: -4.462907
      e30: 0
      e31: 0
      e32: 0
      e33: 1
    parentID: 12
    groupID: 122
    _uniqueID: 129
  - spline:
      nodes: []
      tension: 0.5
    seed: 3987
    animSeed: 0.011236007
    visible: 1
    triStart: 388
    triEnd: 392
    vertStart: 326
    vertEnd: 334
    capRange: 0
    breakOffset: 1
    size: 0
    scale: 1.2188463
    offset: 0.64646465
    baseAngle: 35.345253
    angle: 35.345253
    pitch: -0
    rotation: {x: -0.39651707, y: -0.5089995, z: -0.28467146, w: 0.7089822}
    matrix:
      e00: 0.2711112
      e01: 0.961038
      e02: -0.053894937
      e03: 1.4022611
      e10: -0.46497452
      e11: 0.081733584
      e12: -0.88154316
      e13: 14.400845
      e20: -0.84279144
      e21: 0.264056
      e22: 0.4690171
      e23: -4.848122
      e30: 0
      e31: 0
      e32: 0
      e33: 1
    parentID: 12
    groupID: 122
    _uniqueID: 130
  - spline:
      nodes: []
      tension: 0.5
    seed: 3990
    animSeed: 0.011236007
    visible: 1
    triStart: 392
    triEnd: 396
    vertStart: 334
    vertEnd: 342
    capRange: 0
    breakOffset: 1
    size: 0
    scale: 1.004188
    offset: 0.9191919
    baseAngle: 105.642784
    angle: 105.642784
    pitch: -0
    rotation: {x: -0.13328971, y: -0.33541486, z: -0.04800236, w: 0.9313573}
    matrix:
      e00: -0.340019
      e01: 0.8494344
      e02: 0.403545
      e03: -0.96104306
      e10: -0.12874126
      e11: 0.38302755
      e12: -0.9147216
      e13: 16.118559
      e20: -0.9315648
      e21: -0.36297545
      e22: -0.020879388
      e23: -1.7025514
      e30: 0
      e31: 0
      e32: 0
      e33: 1
    parentID: 13
    groupID: 122
    _uniqueID: 131
  - spline:
      nodes: []
      tension: 0.5
    seed: 3994
    animSeed: 0.011236007
    visible: 1
    triStart: 396
    triEnd: 400
    vertStart: 342
    vertEnd: 350
    capRange: 0
    breakOffset: 1
    size: 0
    scale: 0.9920152
    offset: 0.7979798
    baseAngle: 118.61836
    angle: 118.61836
    pitch: -0
    rotation: {x: -0.526199, y: -0.33327353, z: -0.2350157, w: 0.74619776}
    matrix:
      e00: -0.59054136
      e01: 0.5524327
      e02: 0.58828485
      e03: -1.0508621
      e10: -0.2218507
      e11: 0.5897534
      e12: -0.77651346
      e13: 16.091215
      e20: -0.77591443
      e21: -0.58907473
      e22: -0.22571623
      e23: -2.1593328
      e30: 0
      e31: 0
      e32: 0
      e33: 1
    parentID: 13
    groupID: 122
    _uniqueID: 132
  - spline:
      nodes: []
      tension: 0.5
    seed: 3998
    animSeed: 0.011236007
    visible: 1
    triStart: 400
    triEnd: 404
    vertStart: 350
    vertEnd: 358
    capRange: 0
    breakOffset: 1
    size: 0
    scale: 2.526226
    offset: 0.1010101
    baseAngle: 210.25594
    angle: 210.25594
    pitch: -0
    rotation: {x: -0.46205372, y: -0.08553488, z: -0.044830624, w: 0.8815783}
    matrix:
      e00: -0.74205637
      e01: -0.26945454
      e02: -0.6137973
      e03: -4.167353
      e10: 0.55290115
      e11: 0.2716934
      e12: -0.78770757
      e13: 14.822152
      e20: 0.37901613
      e21: -0.9238924
      e22: -0.052630424
      e23: -8.97198
      e30: 0
      e31: 0
      e32: 0
      e33: 1
    parentID: 14
    groupID: 122
    _uniqueID: 133
  mesh: {fileID: 43000014064688778}
  optimizedSolidMaterial: {fileID: 21000011571349158}
  optimizedCutoutMaterial: {fileID: 21000012668110996}
  isInPreviewMode: 0
--- !u!193 &193000014117029006
Tree:
  m_ObjectHideFlags: 1
  m_PrefabParentObject: {fileID: 0}
  m_PrefabInternal: {fileID: 100100000}
  m_GameObject: {fileID: 1000010104908840}
  m_SpeedTreeWindAsset: {fileID: 0}
  m_TreeData: {fileID: 114000014238185298}
