%YAML 1.1
%TAG !u! tag:unity3d.com,2011:
--- !u!1001 &100100000
Prefab:
  m_ObjectHideFlags: 1
  serializedVersion: 2
  m_Modification:
    m_TransformParent: {fileID: 0}
    m_Modifications: []
    m_RemovedComponents: []
  m_ParentPrefab: {fileID: 0}
  m_RootGameObject: {fileID: 1933032741474320}
  m_IsPrefabParent: 1
--- !u!1 &1099592930636092
GameObject:
  m_ObjectHideFlags: 0
  m_PrefabParentObject: {fileID: 0}
  m_PrefabInternal: {fileID: 100100000}
  serializedVersion: 5
  m_Component:
  - component: {fileID: 4254173509990164}
  - component: {fileID: 33598842294628412}
  - component: {fileID: 23445343814654274}
  m_Layer: 0
  m_Name: vStick_Cylinder
  m_TagString: Untagged
  m_Icon: {fileID: 0}
  m_NavMeshLayer: 0
  m_StaticEditorFlags: 0
  m_IsActive: 1
--- !u!1 &1445802655438954
GameObject:
  m_ObjectHideFlags: 0
  m_PrefabParentObject: {fileID: 0}
  m_PrefabInternal: {fileID: 100100000}
  serializedVersion: 5
  m_Component:
  - component: {fileID: 4339742282845102}
  - component: {fileID: 33151714335960258}
  - component: {fileID: 23489259455839618}
  m_Layer: 0
  m_Name: hStick_Cylinder.003
  m_TagString: Untagged
  m_Icon: {fileID: 0}
  m_NavMeshLayer: 0
  m_StaticEditorFlags: 0
  m_IsActive: 1
--- !u!1 &1515289348865392
GameObject:
  m_ObjectHideFlags: 0
  m_PrefabParentObject: {fileID: 0}
  m_PrefabInternal: {fileID: 100100000}
  serializedVersion: 5
  m_Component:
  - component: {fileID: 4976621358217066}
  - component: {fileID: 33851828434222068}
  - component: {fileID: 183429947499331596}
  - component: {fileID: 137089846805423222}
  m_Layer: 0
  m_Name: banner_Cylinder.002
  m_TagString: Untagged
  m_Icon: {fileID: 0}
  m_NavMeshLayer: 0
  m_StaticEditorFlags: 0
  m_IsActive: 1
--- !u!1 &1933032741474320
GameObject:
  m_ObjectHideFlags: 0
  m_PrefabParentObject: {fileID: 0}
  m_PrefabInternal: {fileID: 100100000}
  serializedVersion: 5
  m_Component:
  - component: {fileID: 4574553063097636}
  m_Layer: 0
  m_Name: BannerRed-2sided
  m_TagString: Untagged
  m_Icon: {fileID: 0}
  m_NavMeshLayer: 0
  m_StaticEditorFlags: 0
  m_IsActive: 1
--- !u!4 &4254173509990164
Transform:
  m_ObjectHideFlags: 1
  m_PrefabParentObject: {fileID: 0}
  m_PrefabInternal: {fileID: 100100000}
  m_GameObject: {fileID: 1099592930636092}
  m_LocalRotation: {x: 0.000000081460335, y: 0, z: -0, w: 1}
  m_LocalPosition: {x: -0, y: 0, z: 0}
  m_LocalScale: {x: 100, y: 100, z: 100}
  m_Children: []
  m_Father: {fileID: 4574553063097636}
  m_RootOrder: 2
  m_LocalEulerAnglesHint: {x: 0, y: 0, z: 0}
--- !u!4 &4339742282845102
Transform:
  m_ObjectHideFlags: 1
  m_PrefabParentObject: {fileID: 0}
  m_PrefabInternal: {fileID: 100100000}
  m_GameObject: {fileID: 1445802655438954}
  m_LocalRotation: {x: 0.000000081460335, y: 0, z: -0, w: 1}
  m_LocalPosition: {x: -0, y: 0, z: 0}
  m_LocalScale: {x: 100, y: 100, z: 100}
  m_Children: []
  m_Father: {fileID: 4574553063097636}
  m_RootOrder: 1
  m_LocalEulerAnglesHint: {x: 0, y: 0, z: 0}
--- !u!4 &4574553063097636
Transform:
  m_ObjectHideFlags: 1
  m_PrefabParentObject: {fileID: 0}
  m_PrefabInternal: {fileID: 100100000}
  m_GameObject: {fileID: 1933032741474320}
  m_LocalRotation: {x: 1.1641534e-10, y: 0.000000029802326, z: 3.49246e-10, w: 1}
  m_LocalPosition: {x: 0, y: 0, z: 0}
  m_LocalScale: {x: 1, y: 1, z: 1}
  m_Children:
  - {fileID: 4976621358217066}
  - {fileID: 4339742282845102}
  - {fileID: 4254173509990164}
  m_Father: {fileID: 0}
  m_RootOrder: 0
  m_LocalEulerAnglesHint: {x: -0.694, y: 15.261001, z: 0.216}
--- !u!4 &4976621358217066
Transform:
  m_ObjectHideFlags: 1
  m_PrefabParentObject: {fileID: 0}
  m_PrefabInternal: {fileID: 100100000}
  m_GameObject: {fileID: 1515289348865392}
  m_LocalRotation: {x: 0.000000081460335, y: 0, z: -0, w: 1}
  m_LocalPosition: {x: -0, y: 0, z: 0}
  m_LocalScale: {x: 100, y: 100, z: 100}
  m_Children: []
  m_Father: {fileID: 4574553063097636}
  m_RootOrder: 0
  m_LocalEulerAnglesHint: {x: 0, y: 0, z: 0}
--- !u!23 &23445343814654274
MeshRenderer:
  m_ObjectHideFlags: 1
  m_PrefabParentObject: {fileID: 0}
  m_PrefabInternal: {fileID: 100100000}
  m_GameObject: {fileID: 1099592930636092}
  m_Enabled: 1
  m_CastShadows: 1
  m_ReceiveShadows: 1
  m_MotionVectors: 1
  m_LightProbeUsage: 1
  m_ReflectionProbeUsage: 1
  m_Materials:
  - {fileID: 2100000, guid: 7016e786de757144b8bff84d82d9f4d9, type: 2}
  m_StaticBatchInfo:
    firstSubMesh: 0
    subMeshCount: 0
  m_StaticBatchRoot: {fileID: 0}
  m_ProbeAnchor: {fileID: 0}
  m_LightProbeVolumeOverride: {fileID: 0}
  m_ScaleInLightmap: 1
  m_PreserveUVs: 0
  m_IgnoreNormalsForChartDetection: 0
  m_ImportantGI: 0
  m_SelectedEditorRenderState: 3
  m_MinimumChartSize: 4
  m_AutoUVMaxDistance: 0.5
  m_AutoUVMaxAngle: 89
  m_LightmapParameters: {fileID: 0}
  m_SortingLayerID: 0
  m_SortingLayer: 0
  m_SortingOrder: 0
--- !u!23 &23489259455839618
MeshRenderer:
  m_ObjectHideFlags: 1
  m_PrefabParentObject: {fileID: 0}
  m_PrefabInternal: {fileID: 100100000}
  m_GameObject: {fileID: 1445802655438954}
  m_Enabled: 1
  m_CastShadows: 1
  m_ReceiveShadows: 1
  m_MotionVectors: 1
  m_LightProbeUsage: 1
  m_ReflectionProbeUsage: 1
  m_Materials:
  - {fileID: 2100000, guid: 7016e786de757144b8bff84d82d9f4d9, type: 2}
  m_StaticBatchInfo:
    firstSubMesh: 0
    subMeshCount: 0
  m_StaticBatchRoot: {fileID: 0}
  m_ProbeAnchor: {fileID: 0}
  m_LightProbeVolumeOverride: {fileID: 0}
  m_ScaleInLightmap: 1
  m_PreserveUVs: 0
  m_IgnoreNormalsForChartDetection: 0
  m_ImportantGI: 0
  m_SelectedEditorRenderState: 3
  m_MinimumChartSize: 4
  m_AutoUVMaxDistance: 0.5
  m_AutoUVMaxAngle: 89
  m_LightmapParameters: {fileID: 0}
  m_SortingLayerID: 0
  m_SortingLayer: 0
  m_SortingOrder: 0
--- !u!33 &33151714335960258
MeshFilter:
  m_ObjectHideFlags: 1
  m_PrefabParentObject: {fileID: 0}
  m_PrefabInternal: {fileID: 100100000}
  m_GameObject: {fileID: 1445802655438954}
  m_Mesh: {fileID: 4300004, guid: e87e04d48accbc04aab42c25f55691d5, type: 3}
--- !u!33 &33598842294628412
MeshFilter:
  m_ObjectHideFlags: 1
  m_PrefabParentObject: {fileID: 0}
  m_PrefabInternal: {fileID: 100100000}
  m_GameObject: {fileID: 1099592930636092}
  m_Mesh: {fileID: 4300000, guid: e87e04d48accbc04aab42c25f55691d5, type: 3}
--- !u!33 &33851828434222068
MeshFilter:
  m_ObjectHideFlags: 1
  m_PrefabParentObject: {fileID: 0}
  m_PrefabInternal: {fileID: 100100000}
  m_GameObject: {fileID: 1515289348865392}
  m_Mesh: {fileID: 4300002, guid: e87e04d48accbc04aab42c25f55691d5, type: 3}
--- !u!137 &137089846805423222
SkinnedMeshRenderer:
  m_ObjectHideFlags: 1
  m_PrefabParentObject: {fileID: 0}
  m_PrefabInternal: {fileID: 100100000}
  m_GameObject: {fileID: 1515289348865392}
  m_Enabled: 1
  m_CastShadows: 1
  m_ReceiveShadows: 1
  m_MotionVectors: 1
  m_LightProbeUsage: 1
  m_ReflectionProbeUsage: 1
  m_Materials:
  - {fileID: 2100000, guid: 7016e786de757144b8bff84d82d9f4d9, type: 2}
  m_StaticBatchInfo:
    firstSubMesh: 0
    subMeshCount: 0
  m_StaticBatchRoot: {fileID: 0}
  m_ProbeAnchor: {fileID: 0}
  m_LightProbeVolumeOverride: {fileID: 0}
  m_ScaleInLightmap: 1
  m_PreserveUVs: 0
  m_IgnoreNormalsForChartDetection: 0
  m_ImportantGI: 0
  m_SelectedEditorRenderState: 3
  m_MinimumChartSize: 4
  m_AutoUVMaxDistance: 0.5
  m_AutoUVMaxAngle: 89
  m_LightmapParameters: {fileID: 0}
  m_SortingLayerID: 0
  m_SortingLayer: 0
  m_SortingOrder: 0
  serializedVersion: 2
  m_Quality: 0
  m_UpdateWhenOffscreen: 0
  m_SkinnedMotionVectors: 1
  m_Mesh: {fileID: 4300002, guid: e87e04d48accbc04aab42c25f55691d5, type: 3}
  m_Bones: []
  m_BlendShapeWeights: []
  m_RootBone: {fileID: 0}
  m_AABB:
    m_Center: {x: 0.000000014901161, y: 0.011958055, z: 0.0006145537}
    m_Extent: {x: 0.0050909794, y: 0.008144835, z: 0.0037531948}
  m_DirtyAABB: 0
--- !u!183 &183429947499331596
Cloth:
  m_ObjectHideFlags: 1
  m_PrefabParentObject: {fileID: 0}
  m_PrefabInternal: {fileID: 100100000}
  m_GameObject: {fileID: 1515289348865392}
  m_Enabled: 1
  m_StretchingStiffness: 1
  m_BendingStiffness: 0
  m_UseTethers: 1
  m_UseGravity: 1
  m_Damping: 0
  m_ExternalAcceleration: {x: 0, y: 0, z: 0}
  m_RandomAcceleration: {x: 0.8, y: 0.2, z: 0.3}
  m_WorldVelocityScale: 0.5
  m_WorldAccelerationScale: 1
  m_Friction: 0.5
  m_CollisionMassScale: 0
  m_UseContinuousCollision: 1
  m_UseVirtualParticles: 1
  m_SolverFrequency: 120
  m_SleepThreshold: 0.1
  m_Coefficients:
  - maxDistance: 3.4028235e+38
    collisionSphereDistance: 3.4028235e+38
  - maxDistance: 3.4028235e+38
    collisionSphereDistance: 3.4028235e+38
  - maxDistance: 3.4028235e+38
    collisionSphereDistance: 3.4028235e+38
  - maxDistance: 3.4028235e+38
    collisionSphereDistance: 3.4028235e+38
  - maxDistance: 3.4028235e+38
    collisionSphereDistance: 3.4028235e+38
  - maxDistance: 3.4028235e+38
    collisionSphereDistance: 3.4028235e+38
  - maxDistance: 3.4028235e+38
    collisionSphereDistance: 3.4028235e+38
  - maxDistance: 3.4028235e+38
    collisionSphereDistance: 3.4028235e+38
  - maxDistance: 3.4028235e+38
    collisionSphereDistance: 3.4028235e+38
  - maxDistance: 3.4028235e+38
    collisionSphereDistance: 3.4028235e+38
  - maxDistance: 3.4028235e+38
    collisionSphereDistance: 3.4028235e+38
  - maxDistance: 3.4028235e+38
    collisionSphereDistance: 3.4028235e+38
  - maxDistance: 0
    collisionSphereDistance: 2
  - maxDistance: 0
    collisionSphereDistance: 3.4028235e+38
  - maxDistance: 3.4028235e+38
    collisionSphereDistance: 3.4028235e+38
  - maxDistance: 3.4028235e+38
    collisionSphereDistance: 3.4028235e+38
  - maxDistance: 3.4028235e+38
    collisionSphereDistance: 3.4028235e+38
  - maxDistance: 3.4028235e+38
    collisionSphereDistance: 3.4028235e+38
  - maxDistance: 3.4028235e+38
    collisionSphereDistance: 3.4028235e+38
  - maxDistance: 3.4028235e+38
    collisionSphereDistance: 3.4028235e+38
  - maxDistance: 3.4028235e+38
    collisionSphereDistance: 3.4028235e+38
  - maxDistance: 3.4028235e+38
    collisionSphereDistance: 3.4028235e+38
  - maxDistance: 0
    collisionSphereDistance: 3.4028235e+38
  - maxDistance: 0
    collisionSphereDistance: 3.4028235e+38
  - maxDistance: 0
    collisionSphereDistance: 3.4028235e+38
  - maxDistance: 0
    collisionSphereDistance: 3.4028235e+38
  - maxDistance: 0
    collisionSphereDistance: 3.4028235e+38
  - maxDistance: 0
    collisionSphereDistance: 3.4028235e+38
  - maxDistance: 0
    collisionSphereDistance: 3.4028235e+38
  - maxDistance: 0
    collisionSphereDistance: 3.4028235e+38
  - maxDistance: 0
    collisionSphereDistance: 3.4028235e+38
  - maxDistance: 0
    collisionSphereDistance: 3.4028235e+38
  - maxDistance: 3.4028235e+38
    collisionSphereDistance: 3.4028235e+38
  - maxDistance: 3.4028235e+38
    collisionSphereDistance: 3.4028235e+38
  - maxDistance: 3.4028235e+38
    collisionSphereDistance: 3.4028235e+38
  - maxDistance: 3.4028235e+38
    collisionSphereDistance: 3.4028235e+38
  - maxDistance: 3.4028235e+38
    collisionSphereDistance: 3.4028235e+38
  - maxDistance: 3.4028235e+38
    collisionSphereDistance: 3.4028235e+38
  - maxDistance: 3.4028235e+38
    collisionSphereDistance: 3.4028235e+38
  - maxDistance: 3.4028235e+38
    collisionSphereDistance: 3.4028235e+38
  - maxDistance: 3.4028235e+38
    collisionSphereDistance: 3.4028235e+38
  - maxDistance: 3.4028235e+38
    collisionSphereDistance: 3.4028235e+38
  - maxDistance: 3.4028235e+38
    collisionSphereDistance: 3.4028235e+38
  - maxDistance: 3.4028235e+38
    collisionSphereDistance: 3.4028235e+38
  - maxDistance: 3.4028235e+38
    collisionSphereDistance: 3.4028235e+38
  - maxDistance: 3.4028235e+38
    collisionSphereDistance: 3.4028235e+38
  - maxDistance: 3.4028235e+38
    collisionSphereDistance: 3.4028235e+38
  - maxDistance: 3.4028235e+38
    collisionSphereDistance: 3.4028235e+38
  - maxDistance: 3.4028235e+38
    collisionSphereDistance: 3.4028235e+38
  - maxDistance: 3.4028235e+38
    collisionSphereDistance: 3.4028235e+38
  - maxDistance: 3.4028235e+38
    collisionSphereDistance: 3.4028235e+38
  - maxDistance: 3.4028235e+38
    collisionSphereDistance: 3.4028235e+38
  - maxDistance: 3.4028235e+38
    collisionSphereDistance: 3.4028235e+38
  - maxDistance: 3.4028235e+38
    collisionSphereDistance: 3.4028235e+38
  - maxDistance: 3.4028235e+38
    collisionSphereDistance: 3.4028235e+38
  - maxDistance: 3.4028235e+38
    collisionSphereDistance: 3.4028235e+38
  - maxDistance: 3.4028235e+38
    collisionSphereDistance: 3.4028235e+38
  - maxDistance: 3.4028235e+38
    collisionSphereDistance: 3.4028235e+38
  - maxDistance: 3.4028235e+38
    collisionSphereDistance: 3.4028235e+38
  - maxDistance: 3.4028235e+38
    collisionSphereDistance: 3.4028235e+38
  - maxDistance: 3.4028235e+38
    collisionSphereDistance: 3.4028235e+38
  - maxDistance: 3.4028235e+38
    collisionSphereDistance: 3.4028235e+38
  - maxDistance: 3.4028235e+38
    collisionSphereDistance: 3.4028235e+38
  - maxDistance: 3.4028235e+38
    collisionSphereDistance: 3.4028235e+38
  - maxDistance: 3.4028235e+38
    collisionSphereDistance: 3.4028235e+38
  - maxDistance: 3.4028235e+38
    collisionSphereDistance: 3.4028235e+38
  m_CapsuleColliders:
  - {fileID: 0}
  m_SphereColliders: []
