%YAML 1.1
%TAG !u! tag:unity3d.com,2011:
--- !u!1001 &100100000
Prefab:
  m_ObjectHideFlags: 1
  serializedVersion: 2
  m_Modification:
    m_TransformParent: {fileID: 0}
    m_Modifications: []
    m_RemovedComponents: []
  m_ParentPrefab: {fileID: 0}
  m_RootGameObject: {fileID: 1817624978361460}
  m_IsPrefabParent: 1
--- !u!1 &1817624978361460
GameObject:
  m_ObjectHideFlags: 0
  m_PrefabParentObject: {fileID: 0}
  m_PrefabInternal: {fileID: 100100000}
  serializedVersion: 5
  m_Component:
  - component: {fileID: 4518862090540380}
  - component: {fileID: 33565814770033096}
  - component: {fileID: 23907553250533828}
  m_Layer: 0
  m_Name: House1 2
  m_TagString: Untagged
  m_Icon: {fileID: 0}
  m_NavMeshLayer: 0
  m_StaticEditorFlags: 0
  m_IsActive: 1
--- !u!4 &4518862090540380
Transform:
  m_ObjectHideFlags: 1
  m_PrefabParentObject: {fileID: 0}
  m_PrefabInternal: {fileID: 100100000}
  m_GameObject: {fileID: 1817624978361460}
  m_LocalRotation: {x: -0, y: -0.064619385, z: -0, w: 0.99791}
  m_LocalPosition: {x: 74.29, y: 20.63, z: 116.59}
  m_LocalScale: {x: 2.1799998, y: 2.1799998, z: 1.6104499}
  m_Children: []
  m_Father: {fileID: 0}
  m_RootOrder: 0
  m_LocalEulerAnglesHint: {x: 0, y: -7.41, z: 0}
--- !u!23 &23907553250533828
MeshRenderer:
  m_ObjectHideFlags: 1
  m_PrefabParentObject: {fileID: 0}
  m_PrefabInternal: {fileID: 100100000}
  m_GameObject: {fileID: 1817624978361460}
  m_Enabled: 1
  m_CastShadows: 1
  m_ReceiveShadows: 1
  m_MotionVectors: 1
  m_LightProbeUsage: 1
  m_ReflectionProbeUsage: 1
  m_Materials:
  - {fileID: 2100000, guid: 7647247dfac16aa4882c050dd07fd760, type: 2}
  - {fileID: 2100000, guid: 7647247dfac16aa4882c050dd07fd760, type: 2}
  - {fileID: 2100000, guid: 7647247dfac16aa4882c050dd07fd760, type: 2}
  - {fileID: 2100000, guid: 7647247dfac16aa4882c050dd07fd760, type: 2}
  - {fileID: 2100000, guid: 7647247dfac16aa4882c050dd07fd760, type: 2}
  - {fileID: 2100000, guid: 7647247dfac16aa4882c050dd07fd760, type: 2}
  - {fileID: 2100000, guid: 7647247dfac16aa4882c050dd07fd760, type: 2}
  m_StaticBatchInfo:
    firstSubMesh: 0
    subMeshCount: 0
  m_StaticBatchRoot: {fileID: 0}
  m_ProbeAnchor: {fileID: 0}
  m_LightProbeVolumeOverride: {fileID: 0}
  m_ScaleInLightmap: 1
  m_PreserveUVs: 0
  m_IgnoreNormalsForChartDetection: 0
  m_ImportantGI: 0
  m_SelectedEditorRenderState: 3
  m_MinimumChartSize: 4
  m_AutoUVMaxDistance: 0.5
  m_AutoUVMaxAngle: 89
  m_LightmapParameters: {fileID: 0}
  m_SortingLayerID: 0
  m_SortingLayer: 0
  m_SortingOrder: 0
--- !u!33 &33565814770033096
MeshFilter:
  m_ObjectHideFlags: 1
  m_PrefabParentObject: {fileID: 0}
  m_PrefabInternal: {fileID: 100100000}
  m_GameObject: {fileID: 1817624978361460}
  m_Mesh: {fileID: 4300000, guid: a3c76b4f5d64089499ccce2245f63fdb, type: 3}
